@article{Claeyssen1999a,
author = {Claeyssen, Julio R and Platte, Rodrigo B and Bravo, Elba},
file = {:C$\backslash$:/Users/Charlie/AppData/Local/Mendeley Ltd./Mendeley Desktop/Downloaded/Claeyssen, Platte, Bravo - 1999 - Simulation in primitive variables of incompressible flow with pressure neumann condition.pdf:pdf},
keywords = {incompressible flow,pressure algorithm,primitive variables,velocity},
number = {December 1997},
pages = {1009--1026},
title = {{Simulation in primitive variables of incompressible flow with pressure neumann condition}},
volume = {1026},
year = {1999}
}
@article{Kim2006,
author = {Kim, H. T. and Kline, S. J. and Reynolds, W. C.},
doi = {10.1017/S0022112071002490},
file = {:C$\backslash$:/Users/Charlie/Dropbox/UCLA/FUSION SHARED/CHARLIES RESEARCH/\_\_SCIENTIFIC\_LITERATURE/FLUID DYNAMICS/Kim, Kline, Reynolds - 2006 - The production of turbulence near a smooth wall in a turbulent boundary layer.pdf:pdf},
issn = {0022-1120},
journal = {Journal of Fluid Mechanics},
month = mar,
number = {01},
pages = {133},
title = {{The production of turbulence near a smooth wall in a turbulent boundary layer}},
url = {http://www.journals.cambridge.org/abstract\_S0022112071002490},
volume = {50},
year = {2006}
}
@article{Kim1997,
author = {Kim, John},
file = {:C$\backslash$:/Users/Charlie/Dropbox/UCLA/FUSION SHARED/CHARLIES RESEARCH/\_\_SCIENTIFIC\_LITERATURE/FLUID DYNAMICS/Kim - 1997 - Tackling Turbulence with Supercomputers.pdf:pdf},
number = {January},
title = {{Tackling Turbulence with Supercomputers}},
year = {1997}
}
@article{Mecanique1982,
author = {Mecanique, Institut De and Grenoble, Universite De and Cedex, Grenoble},
file = {:C$\backslash$:/Users/Charlie/Dropbox/UCLA/FUSION SHARED/CHARLIES RESEARCH/\_\_SCIENTIFIC\_LITERATURE/MHD/Mecanique, Grenoble, Cedex - 1982 - Why , how , and when , MHD turbulence becomes two-dimensional.pdf:pdf;:C$\backslash$:/Users/Charlie/Dropbox/UCLA/FUSION SHARED/CHARLIES RESEARCH/\_\_SCIENTIFIC\_LITERATURE/MHD/Mecanique, Grenoble, Cedex - 1982 - Why , how , and when , MHD turbulence becomes two-dimensional.pdf:pdf},
journal = {JFM},
title = {{Why , how , and when , MHD turbulence becomes two-dimensional}},
volume = {118},
year = {1982}
}
@article{Rutgers2001,
author = {Rutgers, M. a. and Wu, X. L. and Daniel, W. B.},
doi = {10.1063/1.1379956},
file = {:C$\backslash$:/Users/Charlie/Dropbox/UCLA/FUSION SHARED/CHARLIES RESEARCH/\_\_SCIENTIFIC\_LITERATURE/FLUID DYNAMICS/Rutgers, Wu, Daniel - 2001 - Conducting fluid dynamics experiments with vertically falling soap films.pdf:pdf},
issn = {00346748},
journal = {Review of Scientific Instruments},
number = {7},
pages = {3025},
title = {{Conducting fluid dynamics experiments with vertically falling soap films}},
url = {http://scitation.aip.org/content/aip/journal/rsi/72/7/10.1063/1.1379956},
volume = {72},
year = {2001}
}
@article{Wu2009,
author = {Wu, Xiaohua and Moin, Parviz},
doi = {10.1017/S0022112009006624},
file = {:C$\backslash$:/Users/Charlie/Dropbox/UCLA/FUSION SHARED/CHARLIES RESEARCH/\_\_SCIENTIFIC\_LITERATURE/FLUID DYNAMICS/Wu, Moin - 2009 - Direct numerical simulation of turbulence in a nominally zero-pressure-gradient flat-plate boundary layer.pdf:pdf},
issn = {0022-1120},
journal = {Journal of Fluid Mechanics},
month = jun,
pages = {5},
title = {{Direct numerical simulation of turbulence in a nominally zero-pressure-gradient flat-plate boundary layer}},
url = {http://www.journals.cambridge.org/abstract\_S0022112009006624},
volume = {630},
year = {2009}
}
@article{Chorin1968,
author = {Chorin, Alexandre Joel},
doi = {10.2307/2004575},
file = {:C$\backslash$:/Users/Charlie/Dropbox/UCLA/FUSION SHARED/CHARLIES RESEARCH/\_\_SCIENTIFIC\_LITERATURE/MHD/Chorin - 1968 - Numerical Solution of the Navier-Stokes Equations.pdf:pdf},
issn = {00255718},
journal = {Mathematics of Computation},
month = oct,
number = {104},
pages = {745},
title = {{Numerical Solution of the Navier-Stokes Equations}},
url = {http://www.jstor.org/stable/2004575?origin=crossref},
volume = {22},
year = {1968}
}
@article{Rogers1993,
author = {Rogers, Michael M and Moser, Robert D},
file = {:C$\backslash$:/Users/Charlie/Dropbox/UCLA/FUSION SHARED/CHARLIES RESEARCH/\_\_SCIENTIFIC\_LITERATURE/FLUID DYNAMICS/Rogers, Moser - 1993 - Direct simulation of a selfdmilar turbulent mixing layer.pdf:pdf},
keywords = {BOUNDARY LAYERS,DISTRIBUTION FUNCTIONS,INSTABILITY,LAYERS,MIXING,NUMERICAL SOLUTION,REYNOLDS NUMBER,SCALING LAWS,SELF-SIMILIAR STATES,SHEAR FLOW,TURBULENT FLOW,VORTICES},
number = {May 2006},
title = {{Direct simulation of a selfdmilar turbulent mixing layer}},
year = {1993}
}
@article{Claeyssen1999,
author = {Claeyssen, Julio R and Platte, Rodrigo B and Bravo, Elba},
file = {:C$\backslash$:/Users/Charlie/AppData/Local/Mendeley Ltd./Mendeley Desktop/Downloaded/Claeyssen, Platte, Bravo - 1999 - Simulation in primitive variables of incompressible flow with pressure neumann condition.pdf:pdf},
keywords = {incompressible flow,pressure algorithm,primitive variables,velocity},
number = {December 1997},
pages = {1009--1026},
title = {{Simulation in primitive variables of incompressible flow with pressure neumann condition}},
volume = {1026},
year = {1999}
}
@article{Afb2002,
author = {Afb, Wright Patterson and Follett, William W},
file = {:C$\backslash$:/Users/Charlie/Dropbox/UCLA/FUSION SHARED/CHARLIES RESEARCH/\_\_SCIENTIFIC\_LITERATURE/TRITIUM/VTBM/Afb, Follett - 2002 - Aiaa 2002-5172.pdf:pdf},
title = {{Aiaa 2002-5172}},
year = {2002}
}
@article{Bandyopadhyay2000,
author = {Bandyopadhyay, P},
file = {:C$\backslash$:/Users/Charlie/Dropbox/UCLA/FUSION SHARED/CHARLIES RESEARCH/\_\_SCIENTIFIC\_LITERATURE/FLUID DYNAMICS/Bandyopadhyay - 2000 - New aspects of turbulent boundary-layer structure.pdf:pdf},
number = {1981},
title = {{New aspects of turbulent boundary-layer structure}},
volume = {107},
year = {2000}
}
@article{Baraldi2014,
author = {Baraldi, a. and Dodd, M.S. and Ferrante, a.},
doi = {10.1016/j.compfluid.2013.12.018},
file = {:C$\backslash$:/Users/Charlie/Dropbox/UCLA/FUSION SHARED/CHARLIES RESEARCH/\_\_SCIENTIFIC\_LITERATURE/FLUID DYNAMICS/Baraldi, Dodd, Ferrante - 2014 - A mass-conserving volume-of-fluid method Volume tracking and droplet surface-tension in incompressible.pdf:pdf},
issn = {00457930},
journal = {Computers \& Fluids},
month = jun,
pages = {322--337},
publisher = {Elsevier Ltd},
title = {{A mass-conserving volume-of-fluid method: Volume tracking and droplet surface-tension in incompressible isotropic turbulence}},
url = {http://linkinghub.elsevier.com/retrieve/pii/S0045793013005100},
volume = {96},
year = {2014}
}
@article{Brown2006,
author = {Brown, Garry L. and Roshko, Anatol},
doi = {10.1017/S002211207400190X},
file = {:C$\backslash$:/Users/Charlie/Dropbox/UCLA/FUSION SHARED/CHARLIES RESEARCH/\_\_SCIENTIFIC\_LITERATURE/FLUID DYNAMICS/Brown, Roshko - 2006 - On density effects and large structure in turbulent mixing layers.pdf:pdf},
issn = {0022-1120},
journal = {Journal of Fluid Mechanics},
month = mar,
number = {04},
pages = {775},
title = {{On density effects and large structure in turbulent mixing layers}},
url = {http://www.journals.cambridge.org/abstract\_S002211207400190X},
volume = {64},
year = {2006}
}
@article{Computing,
author = {Computing, Geophysical},
file = {:C$\backslash$:/Users/Charlie/Dropbox/UCLA/FUSION SHARED/CHARLIES RESEARCH/\_\_SCIENTIFIC\_LITERATURE/FLUID DYNAMICS/Computing - Unknown - Some Useful Fortran Tricks 2 . Converting an integer or real variable into a string.pdf:pdf},
pages = {2--5},
title = {{Some Useful Fortran Tricks 2 . Converting an integer or real variable into a string}}
}
@article{Field1980,
author = {Field, Moffett},
file = {:C$\backslash$:/Users/Charlie/Dropbox/UCLA/FUSION SHARED/CHARLIES RESEARCH/\_\_SCIENTIFIC\_LITERATURE/FLUID DYNAMICS/Field - 1980 - On the Numerical Solution of Time-Dependent Viscous Incompressible Fluid Flows Involving Solid Boundaries.pdf:pdf},
pages = {381--392},
title = {{On the Numerical Solution of Time-Dependent Viscous Incompressible Fluid Flows Involving Solid Boundaries}},
volume = {392},
year = {1980}
}
@article{Fluid1985,
author = {Fluid, Computational and Branch, Dynamics and Field, Moffett and March, Received},
file = {:C$\backslash$:/Users/Charlie/Dropbox/UCLA/FUSION SHARED/CHARLIES RESEARCH/\_\_SCIENTIFIC\_LITERATURE/FLUID DYNAMICS/Fluid et al. - 1985 - Application of a Fractional-Step Incompressible Method to Equations auj a.pdf:pdf},
pages = {308--323},
title = {{Application of a Fractional-Step Incompressible Method to Equations auj a}},
volume = {323},
year = {1985}
}
@article{Hemati2014,
author = {Hemati, Maziar S. and Eldredge, Jeff D. and Speyer, Jason L.},
doi = {10.1016/j.jfluidstructs.2014.04.004},
file = {:C$\backslash$:/Users/Charlie/AppData/Local/Mendeley Ltd./Mendeley Desktop/Downloaded/Hemati, Eldredge, Speyer - 2014 - Improving vortex models via optimal control theory.pdf:pdf},
issn = {08899746},
journal = {Journal of Fluids and Structures},
keywords = {Model optimization,Optimal control,Point vortex,Unsteady aerodynamics},
month = may,
pages = {1--21},
publisher = {Elsevier},
title = {{Improving vortex models via optimal control theory}},
url = {http://linkinghub.elsevier.com/retrieve/pii/S0889974614000802},
year = {2014}
}
@article{Kim,
author = {Kim, Theodore and Th, Nils and James, Doug and Gross, Markus},
file = {:C$\backslash$:/Users/Charlie/Dropbox/UCLA/FUSION SHARED/CHARLIES RESEARCH/\_\_SCIENTIFIC\_LITERATURE/FLUID DYNAMICS/Kim et al. - Unknown - Wavelet Turbulence for Fluid Simulation.pdf:pdf},
keywords = {a mesh element are,as,euler equations over a,fluids,however,if features smaller than,mesh,most recent methods directly,noise,remain significant problems,required,simulation control,solve,the navier-stokes or incompressible,turbulence,wavelets},
title = {{Wavelet Turbulence for Fluid Simulation}}
}
@article{Kline1967,
author = {Kline, By S J and Reynolds, W C and Schraubt, F A and Runstadlers, P W},
file = {:C$\backslash$:/Users/Charlie/Dropbox/UCLA/FUSION SHARED/CHARLIES RESEARCH/\_\_SCIENTIFIC\_LITERATURE/FLUID DYNAMICS/Kline et al. - 1967 - The structure of turbulent boundary layers.pdf:pdf},
title = {{The structure of turbulent boundary layers}},
volume = {30},
year = {1967}
}
@article{Kramer2007,
author = {Kramer, W. and Clercx, H. J. H. and van Heijst, G. J. F.},
doi = {10.1063/1.2814345},
file = {:C$\backslash$:/Users/Charlie/Dropbox/UCLA/FUSION SHARED/CHARLIES RESEARCH/\_\_SCIENTIFIC\_LITERATURE/FLUID DYNAMICS/Kramer, Clercx, van Heijst - 2007 - Vorticity dynamics of a dipole colliding with a no-slip wall.pdf:pdf},
issn = {10706631},
journal = {Physics of Fluids},
number = {12},
pages = {126603},
title = {{Vorticity dynamics of a dipole colliding with a no-slip wall}},
url = {http://scitation.aip.org/content/aip/journal/pof2/19/12/10.1063/1.2814345},
volume = {19},
year = {2007}
}
@article{Kuhlmann1997,
author = {Kuhlmann, H. C. and Wanschura, M. and Rath, H. J.},
doi = {10.1017/S0022112096004727},
file = {:C$\backslash$:/Users/Charlie/Dropbox/UCLA/FUSION SHARED/CHARLIES RESEARCH/\_\_SCIENTIFIC\_LITERATURE/FLUID DYNAMICS/Kuhlmann, Wanschura, Rath - 1997 - Flow in two-sided lid-driven cavities non-uniqueness, instabilities, and cellular structures.pdf:pdf},
issn = {00221120},
journal = {Journal of Fluid Mechanics},
month = apr,
pages = {267--299},
title = {{Flow in two-sided lid-driven cavities: non-uniqueness, instabilities, and cellular structures}},
url = {http://www.journals.cambridge.org/abstract\_S0022112096004727},
volume = {336},
year = {1997}
}
@article{Mecanique1982a,
author = {Mecanique, Institut De and Grenoble, Universite De and Cedex, Grenoble},
file = {:C$\backslash$:/Users/Charlie/Dropbox/UCLA/FUSION SHARED/CHARLIES RESEARCH/\_\_SCIENTIFIC\_LITERATURE/MHD/Mecanique, Grenoble, Cedex - 1982 - Why , how , and when , MHD turbulence becomes two-dimensional.pdf:pdf},
journal = {JFM},
title = {{Why , how , and when , MHD turbulence becomes two-dimensional}},
volume = {118},
year = {1982}
}
@article{Taylor2012,
author = {Taylor, Publisher and Kim, John},
file = {:C$\backslash$:/Users/Charlie/Dropbox/UCLA/FUSION SHARED/CHARLIES RESEARCH/\_\_SCIENTIFIC\_LITERATURE/FLUID DYNAMICS/Taylor, Kim - 2012 - Progress in pipe and channel flow turbulence , 1961 – 2011.pdf:pdf},
number = {October},
pages = {37--41},
title = {{Progress in pipe and channel flow turbulence , 1961 – 2011}},
year = {2012}
}
@article{Zikanov1998,
author = {Zikanov, Oleg and Thess, Andre},
doi = {10.1017/S0022112097008239},
file = {:C$\backslash$:/Users/Charlie/Dropbox/UCLA/FUSION SHARED/CHARLIES RESEARCH/\_\_SCIENTIFIC\_LITERATURE/MHD/Zikanov, Thess - 1998 - Direct numerical simulation of forced MHD turbulence at low magnetic Reynolds number.pdf:pdf},
issn = {00221120},
journal = {Journal of Fluid Mechanics},
month = mar,
pages = {299--333},
title = {{Direct numerical simulation of forced MHD turbulence at low magnetic Reynolds number}},
url = {http://www.journals.cambridge.org/abstract\_S0022112097008239},
volume = {358},
year = {1998}
}
@article{,
file = {:C$\backslash$:/Users/Charlie/Dropbox/UCLA/FUSION SHARED/CHARLIES RESEARCH/\_\_SCIENTIFIC\_LITERATURE/FLUID DYNAMICS/add-mat-cascade-ball.pdf:pdf},
number = {1},
pages = {1--3},
title = {{Kolmogorov cascade}}
}
