@article{Albets-Chico2011,
author = {Albets-Chico, X. and Votyakov, E.V. and Radhakrishnan, H. and Kassinos, S.},
doi = {10.1016/j.fusengdes.2010.07.014},
file = {:C$\backslash$:/Users/Charlie/Dropbox/UCLA/FUSION SHARED/CHARLIES RESEARCH/\_\_SCIENTIFIC\_LITERATURE/MHD/Albets-Chico et al. - 2011 - Effects of the consistency of the fringing magnetic field on direct numerical simulations of liquid–metal f.pdf:pdf},
issn = {09203796},
journal = {Fusion Engineering and Design},
month = jan,
number = {1},
pages = {5--14},
publisher = {Elsevier B.V.},
title = {{Effects of the consistency of the fringing magnetic field on direct numerical simulations of liquid–metal flow}},
url = {http://linkinghub.elsevier.com/retrieve/pii/S0920379610003273},
volume = {86},
year = {2011}
}
@article{Alty1971,
author = {Alty, C.J.N},
file = {:C$\backslash$:/Users/Charlie/Dropbox/UCLA/FUSION SHARED/CHARLIES RESEARCH/\_\_SCIENTIFIC\_LITERATURE/MHD/Alty - 1971 - Magnetohydrodynamic duct flow in a uniform transverse magnetic field of arbitrary orientation.pdf:pdf},
journal = {JFM},
number = {1965},
title = {{Magnetohydrodynamic duct flow in a uniform transverse magnetic field of arbitrary orientation}},
volume = {48},
year = {1971}
}
@article{Andreev2007,
author = {Andreev, O. and Kolesnikov, Yu. and Thess, a.},
doi = {10.1063/1.2718400},
file = {:C$\backslash$:/Users/Charlie/Dropbox/UCLA/FUSION SHARED/CHARLIES RESEARCH/\_\_SCIENTIFIC\_LITERATURE/MHD/Andreev, Kolesnikov, Thess - 2007 - Corrected Article “Experimental study of liquid metal channel flow under the influence of a no(2006).pdf:pdf},
issn = {10706631},
journal = {Physics of Fluids},
number = {3},
pages = {039902},
title = {{Corrected Article: “Experimental study of liquid metal channel flow under the influence of a nonuniform magnetic field” [Phys. Fluids 18, 065108 (2006)]}},
url = {http://scitation.aip.org/content/aip/journal/pof2/19/3/10.1063/1.2718400},
volume = {19},
year = {2007}
}
@article{Andreev2007a,
author = {Andreev, O. and Kolesnikov, Yu. and Thess, a.},
doi = {10.1063/1.2718400},
file = {:C$\backslash$:/Users/Charlie/Dropbox/UCLA/FUSION SHARED/CHARLIES RESEARCH/\_\_SCIENTIFIC\_LITERATURE/MHD/Andreev, Kolesnikov, Thess - 2007 - Corrected Article “Experimental study of liquid metal channel flow under the influence of a no(2006).pdf:pdf},
issn = {10706631},
journal = {Physics of Fluids},
number = {3},
pages = {039902},
title = {{Corrected Article: “Experimental study of liquid metal channel flow under the influence of a nonuniform magnetic field” [Phys. Fluids 18, 065108 (2006)]}},
url = {http://scitation.aip.org/content/aip/journal/pof2/19/3/10.1063/1.2718400},
volume = {19},
year = {2007}
}
@article{Balsara2004a,
author = {Balsara, Dinshaw S.},
doi = {10.1086/381377},
file = {:C$\backslash$:/Users/Charlie/Dropbox/UCLA/FUSION SHARED/CHARLIES RESEARCH/\_\_SCIENTIFIC\_LITERATURE/MHD/Balsara - 2004 - Second‐Order–accurate Schemes for Magnetohydrodynamics with Divergence‐free Reconstruction.pdf:pdf},
issn = {0067-0049},
journal = {The Astrophysical Journal Supplement Series},
month = mar,
number = {1},
pages = {149--184},
title = {{Second‐Order–accurate Schemes for Magnetohydrodynamics with Divergence‐free Reconstruction}},
url = {http://stacks.iop.org/0067-0049/151/i=1/a=149},
volume = {151},
year = {2004}
}
@article{Balsara2001,
author = {Balsara, Dinshaw S.},
doi = {10.1006/jcph.2001.6917},
file = {:C$\backslash$:/Users/Charlie/Dropbox/UCLA/FUSION SHARED/CHARLIES RESEARCH/\_\_SCIENTIFIC\_LITERATURE/MHD/Balsara - 2001 - Divergence-Free Adaptive Mesh Refinement for Magnetohydrodynamics.pdf:pdf},
issn = {00219991},
journal = {Journal of Computational Physics},
month = dec,
number = {2},
pages = {614--648},
title = {{Divergence-Free Adaptive Mesh Refinement for Magnetohydrodynamics}},
url = {http://linkinghub.elsevier.com/retrieve/pii/S0021999101969177},
volume = {174},
year = {2001}
}
@article{Balsara2004,
author = {Balsara, Dinshaw S and Kim, Jongsoo},
file = {:C$\backslash$:/Users/Charlie/Dropbox/UCLA/FUSION SHARED/CHARLIES RESEARCH/\_\_SCIENTIFIC\_LITERATURE/MHD/Balsara, Kim - 2004 - A COMPARISON BETWEEN DIVERGENCE-CLEANING AND STAGGERED-MESH FORMULATIONS FOR NUMERICAL MAGNETOHYDRODYNAMICS.pdf:pdf},
number = {2002},
pages = {1079--1090},
title = {{A COMPARISON BETWEEN DIVERGENCE-CLEANING AND STAGGERED-MESH FORMULATIONS FOR NUMERICAL MAGNETOHYDRODYNAMICS}},
year = {2004}
}
@article{Balsara1999,
author = {Balsara, Dinshaw S and Spicer, Daniel S},
doi = {10.1006/jcph.1998.6153},
file = {:C$\backslash$:/Users/Charlie/Dropbox/UCLA/FUSION SHARED/CHARLIES RESEARCH/\_\_SCIENTIFIC\_LITERATURE/MHD/Balsara, Spicer - 1999 - A Staggered Mesh Algorithm Using High Order Godunov Fluxes to Ensure Solenoidal Magnetic Fields in Magnetohydro.pdf:pdf},
issn = {00219991},
journal = {Journal of Computational Physics},
month = mar,
number = {2},
pages = {270--292},
title = {{A Staggered Mesh Algorithm Using High Order Godunov Fluxes to Ensure Solenoidal Magnetic Fields in Magnetohydrodynamic Simulations}},
url = {http://linkinghub.elsevier.com/retrieve/pii/S0021999198961538},
volume = {149},
year = {1999}
}
@article{Blackman2014,
author = {Blackman, Eric G.},
file = {:C$\backslash$:/Users/Charlie/Dropbox/UCLA/FUSION SHARED/CHARLIES RESEARCH/\_\_SCIENTIFIC\_LITERATURE/MHD/Blackman - 2014 - Implications of Mean Field Acceleration Disc Theory for Vorticity and Magnetic Field Growth.pdf:pdf},
journal = {JCP},
pages = {1--17},
title = {{Implications of Mean Field Acceleration Disc Theory for Vorticity and Magnetic Field Growth}},
year = {2014}
}
@article{Brackbill1980,
author = {Brackbill, J.U.},
file = {:C$\backslash$:/Users/Charlie/Dropbox/UCLA/FUSION SHARED/CHARLIES RESEARCH/\_\_SCIENTIFIC\_LITERATURE/MHD/J.U. - 1980 - The Effect of Nonzero V . B on the Numerical Solution of MHD Equations.pdf:pdf},
journal = {JCP},
pages = {426--430},
title = {{The Effect of Nonzero V . B on the Numerical Solution of MHD Equations}},
volume = {430},
year = {1980}
}
@article{Carvalho2013,
author = {Carvalho, Neil Franco De},
file = {:C$\backslash$:/Users/Charlie/Dropbox/UCLA/FUSION SHARED/CHARLIES RESEARCH/\_\_SCIENTIFIC\_LITERATURE/INTERFACE TREATMENTS/Carvalho - 2013 - METHODS FOR CALCULATING THE THERMAL CONDUCTIVITY AT THE CONTROL-VOLUME SURFACES.pdf:pdf},
keywords = {discretization errors,effective order,finite volumes method,thermal conductivity},
number = {Cobem},
title = {{METHODS FOR CALCULATING THE THERMAL CONDUCTIVITY AT THE CONTROL-VOLUME SURFACES}},
year = {2013}
}
@article{Chang1961,
author = {Chang, Chieh C. and Lundgren, Thomas S.},
doi = {10.1007/BF01601011},
file = {:C$\backslash$:/Users/Charlie/Dropbox/UCLA/FUSION SHARED/CHARLIES RESEARCH/\_\_SCIENTIFIC\_LITERATURE/MHD/Chang, Lundgren - 1961 - Duct flow in magnetohydrodynamics.pdf:pdf},
issn = {0044-2275},
journal = {Zeitschrift f\"{u}r angewandte Mathematik und Physik ZAMP},
month = mar,
number = {2},
pages = {100--114},
title = {{Duct flow in magnetohydrodynamics}},
url = {http://link.springer.com/10.1007/BF01601011},
volume = {12},
year = {1961}
}
@article{Chen2011a,
address = {New York, NY},
author = {Chen, Francis F.},
doi = {10.1007/978-1-4419-7820-2},
file = {:C$\backslash$:/Users/Charlie/Dropbox/UCLA/FUSION SHARED/CHARLIES RESEARCH/\_\_SCIENTIFIC\_LITERATURE/MATERIAL FOR NEW STUDENTS/Francis F. Chen - An Indespensible Truth-How Fusion Power Can Save the Planet/part-III-Index.pdf:pdf},
isbn = {978-1-4419-7819-6},
pages = {382--384},
publisher = {Springer New York},
title = {{An Indispensable Truth}},
url = {http://link.springer.com/10.1007/978-1-4419-7820-2},
year = {2011}
}
@article{Chen2011,
address = {New York, NY},
author = {Chen, Francis F.},
doi = {10.1007/978-1-4419-7820-2},
file = {:C$\backslash$:/Users/Charlie/Dropbox/UCLA/FUSION SHARED/CHARLIES RESEARCH/\_\_SCIENTIFIC\_LITERATURE/MATERIAL FOR NEW STUDENTS/Francis F. Chen - An Indespensible Truth-How Fusion Power Can Save the Planet/part-0-frontmatter.pdf:pdf;:C$\backslash$:/Users/Charlie/Dropbox/UCLA/FUSION SHARED/CHARLIES RESEARCH/\_\_SCIENTIFIC\_LITERATURE/MATERIAL FOR NEW STUDENTS/Francis F. Chen - An Indespensible Truth-How Fusion Power Can Save the Planet/part-III-Index.pdf:pdf},
isbn = {978-1-4419-7819-6},
pages = {382--384},
publisher = {Springer New York},
title = {{An Indispensable Truth}},
url = {http://link.springer.com/10.1007/978-1-4419-7820-2},
year = {2011}
}
@article{Chorin1968a,
author = {Chorin, Alexandre Joel},
doi = {10.2307/2004575},
file = {:C$\backslash$:/Users/Charlie/Dropbox/UCLA/FUSION SHARED/CHARLIES RESEARCH/\_\_SCIENTIFIC\_LITERATURE/MHD/Chorin - 1968 - Numerical Solution of the Navier-Stokes Equations.pdf:pdf},
issn = {00255718},
journal = {Mathematics of Computation},
month = oct,
number = {104},
pages = {745},
title = {{Numerical Solution of the Navier-Stokes Equations}},
url = {http://www.jstor.org/stable/2004575?origin=crossref},
volume = {22},
year = {1968}
}
@article{Chorin1968,
author = {Chorin, Alexandre Joel},
doi = {10.2307/2004575},
file = {:C$\backslash$:/Users/Charlie/Dropbox/UCLA/FUSION SHARED/CHARLIES RESEARCH/\_\_SCIENTIFIC\_LITERATURE/MHD/Chorin - 1968 - Numerical Solution of the Navier-Stokes Equations.pdf:pdf},
issn = {00255718},
journal = {Mathematics of Computation},
month = oct,
number = {104},
pages = {745},
title = {{Numerical Solution of the Navier-Stokes Equations}},
url = {http://www.jstor.org/stable/2004575?origin=crossref},
volume = {22},
year = {1968}
}
@article{Cuevas1997a,
author = {Cuevas, S. and Picologlou, B.F. and Walker, J.S. and Talmage, G.},
doi = {10.1016/S0020-7225(96)00126-7},
file = {:C$\backslash$:/Users/Charlie/Dropbox/UCLA/FUSION SHARED/CHARLIES RESEARCH/\_\_SCIENTIFIC\_LITERATURE/MHD/Cuevas et al. - 1997 - Liquid-metal MHD flow in rectangular ducts with thin conducting or insulating walls laminar and turbulent solutio.pdf:pdf},
issn = {00207225},
journal = {International Journal of Engineering Science},
month = apr,
number = {5},
pages = {485--503},
title = {{Liquid-metal MHD flow in rectangular ducts with thin conducting or insulating walls: laminar and turbulent solutions}},
url = {http://linkinghub.elsevier.com/retrieve/pii/S0020722596001267},
volume = {35},
year = {1997}
}
@article{Cuevas1997,
author = {Cuevas, S. and Picologlou, B.F. and Walker, J.S. and Talmage, G.},
doi = {10.1016/S0020-7225(96)00126-7},
file = {:C$\backslash$:/Users/Charlie/Dropbox/UCLA/FUSION SHARED/CHARLIES RESEARCH/\_\_SCIENTIFIC\_LITERATURE/MHD/Cuevas et al. - 1997 - Liquid-metal MHD flow in rectangular ducts with thin conducting or insulating walls laminar and turbulent solutio.pdf:pdf},
issn = {00207225},
journal = {International Journal of Engineering Science},
month = apr,
number = {5},
pages = {485--503},
title = {{Liquid-metal MHD flow in rectangular ducts with thin conducting or insulating walls: laminar and turbulent solutions}},
url = {http://linkinghub.elsevier.com/retrieve/pii/S0020722596001267},
volume = {35},
year = {1997}
}
@article{Ai1998,
author = {Dai, Wenlong and Woodward, Paul},
file = {:C$\backslash$:/Users/Charlie/Dropbox/UCLA/FUSION SHARED/CHARLIES RESEARCH/\_\_SCIENTIFIC\_LITERATURE/MHD/Ai, Oodward - 1998 - On the divergence-free condition and conservation laws in numerical simulations for supersonic magnetohydrodynamic.pdf:pdf},
journal = {The Astrophysical Journal},
title = {{On the divergence-free condition and conservation laws in numerical simulations for supersonic magnetohydrodynamic flows}},
volume = {10},
year = {1998}
}
@article{Dai1998,
author = {Dai, Wenlong and Woodward, Paul R},
file = {:C$\backslash$:/Users/Charlie/Dropbox/UCLA/FUSION SHARED/CHARLIES RESEARCH/\_\_SCIENTIFIC\_LITERATURE/MHD/Dai, Woodward - 1998 - A Simple Finite Difference Scheme for Multidimensional Magnetohydro- dynamical Equations.pdf:pdf},
keywords = {finite difference,godunov scheme,hyperbolic system,mhd simula-},
pages = {331--369},
title = {{A Simple Finite Difference Scheme for Multidimensional Magnetohydro- dynamical Equations}},
volume = {369},
year = {1998}
}
@article{Deissler1963,
author = {Deissler, Robert G.},
doi = {10.1063/1.1706892},
file = {:C$\backslash$:/Users/Charlie/Dropbox/UCLA/FUSION SHARED/CHARLIES RESEARCH/\_\_SCIENTIFIC\_LITERATURE/MHD/Deissler - 1963 - Magneto-Fluid Dynamic Turbulence with a Uniform Imposed Magnetic Field.pdf:pdf},
issn = {00319171},
journal = {Physics of Fluids},
number = {9},
pages = {1250},
title = {{Magneto-Fluid Dynamic Turbulence with a Uniform Imposed Magnetic Field}},
url = {http://scitation.aip.org/content/aip/journal/pof1/6/9/10.1063/1.1706892},
volume = {6},
year = {1963}
}
@article{Denton2009,
author = {Denton, R.E. and Hu, Y.},
doi = {10.1016/j.jcp.2009.03.033},
file = {:C$\backslash$:/Users/Charlie/Dropbox/UCLA/FUSION SHARED/CHARLIES RESEARCH/\_\_SCIENTIFIC\_LITERATURE/MHD/Denton, Hu - 2009 - Symmetry boundary conditions.pdf:pdf},
issn = {00219991},
journal = {Journal of Computational Physics},
month = jul,
number = {13},
pages = {4823--4835},
publisher = {Elsevier Inc.},
title = {{Symmetry boundary conditions}},
url = {http://linkinghub.elsevier.com/retrieve/pii/S0021999109001673},
volume = {228},
year = {2009}
}
@article{DeVore1991,
author = {DeVore, C.Richard},
doi = {10.1016/0021-9991(91)90295-V},
file = {:C$\backslash$:/Users/Charlie/Dropbox/UCLA/FUSION SHARED/CHARLIES RESEARCH/\_\_SCIENTIFIC\_LITERATURE/MHD/DeVore - 1991 - Flux-corrected transport techniques for multidimensional compressible magnetohydrodynamics.pdf:pdf},
issn = {00219991},
journal = {Journal of Computational Physics},
month = jan,
number = {1},
pages = {142--160},
title = {{Flux-corrected transport techniques for multidimensional compressible magnetohydrodynamics}},
url = {http://linkinghub.elsevier.com/retrieve/pii/002199919190295V},
volume = {92},
year = {1991}
}
@article{Engineering1995,
author = {Engineering, Fusion and Division, Technology Development},
file = {:C$\backslash$:/Users/Charlie/Dropbox/UCLA/FUSION SHARED/CHARLIES RESEARCH/\_\_SCIENTIFIC\_LITERATURE/MHD/Engineering, Division - 1995 - MHD Flow in Rectangular Ducts with Inclined non-uniform transverse Magnetic Field.pdf:pdf},
pages = {703--710},
title = {{MHD Flow in Rectangular Ducts with Inclined non-uniform transverse Magnetic Field}},
volume = {27},
year = {1995}
}
@article{Equations1996,
author = {Equations, Maxwell and Ames, Nasa and Field, Moffett},
file = {:C$\backslash$:/Users/Charlie/Dropbox/UCLA/FUSION SHARED/CHARLIES RESEARCH/\_\_SCIENTIFIC\_LITERATURE/MHD/Equations, Ames, Field - 1996 - Fourier Analysis of Numerical Algorithms for the.pdf:pdf},
number = {124},
pages = {396--416},
title = {{Fourier Analysis of Numerical Algorithms for the}},
volume = {416},
year = {1996}
}
@article{Evans1988,
author = {Evans, Charles and Hawley, John},
file = {:C$\backslash$:/Users/Charlie/Dropbox/UCLA/FUSION SHARED/CHARLIES RESEARCH/\_\_SCIENTIFIC\_LITERATURE/MHD/Evans, Hawley - 1988 - Simulation of MHD Flows A Constrained Transport Method.pdf:pdf},
journal = {The Astrophysical Journal},
title = {{Simulation of MHD Flows: A Constrained Transport Method}},
year = {1988}
}
@misc{Gary.,
author = {Gary., Glatzmaier and {Paul H.}, Roberts},
file = {:C$\backslash$:/Users/Charlie/Dropbox/UCLA/FUSION SHARED/CHARLIES RESEARCH/\_\_SCIENTIFIC\_LITERATURE/MHD/Gary A. Glatzmaier, A three-dimensional self-consisten computer simulation of a geomagnetic field reversal.pdf:pdf},
title = {{Gary A. Glatzmaier, A three-dimensional self-consisten computer simulation of a geomagnetic field reversal.pdf}}
}
@article{Gombosi1994,
author = {Gombosi, Tamas I. and Powell, Kenneth G. and {De Zeeuw}, Darren L.},
doi = {10.1029/94JA01540},
file = {:C$\backslash$:/Users/Charlie/Dropbox/UCLA/FUSION SHARED/CHARLIES RESEARCH/\_\_SCIENTIFIC\_LITERATURE/MHD/Gombosi, Powell, De Zeeuw - 1994 - Axisymmetric modeling of cometary mass loading on an adaptively refined grid MHD results.pdf:pdf},
issn = {0148-0227},
journal = {Journal of Geophysical Research},
keywords = {http://dx.doi.org/10.1029/94JA01540, doi:10.1029/9},
number = {A11},
pages = {21525},
title = {{Axisymmetric modeling of cometary mass loading on an adaptively refined grid: MHD results}},
url = {http://doi.wiley.com/10.1029/94JA01540},
volume = {99},
year = {1994}
}
@article{Ham2006,
author = {Ham, By F and Mattsson, K and Iaccarino, G},
file = {:C$\backslash$:/Users/Charlie/Dropbox/UCLA/FUSION SHARED/CHARLIES RESEARCH/\_\_SCIENTIFIC\_LITERATURE/MHD/Ham, Mattsson, Iaccarino - 2006 - Accurate and stable finite volume operators for unstructured flow solvers.pdf:pdf},
title = {{Accurate and stable finite volume operators for unstructured flow solvers}},
year = {2006}
}
@book{Have2011,
author = {Have, What and Accomplished, We},
doi = {10.1007/978-1-4419-7820-2},
file = {:C$\backslash$:/Users/Charlie/Dropbox/UCLA/FUSION SHARED/CHARLIES RESEARCH/\_\_SCIENTIFIC\_LITERATURE/MATERIAL FOR NEW STUDENTS/Francis F. Chen - An Indespensible Truth-How Fusion Power Can Save the Planet/part-II-ch8.pdf:pdf},
isbn = {9781441978202},
title = {{Chapter 8 A Half-Century of Progress * What Have We Accomplished ?}},
year = {2011}
}
@article{Hua1989,
author = {Hua, T.Q. and Walker, J.S.},
doi = {10.1016/0020-7225(89)90086-4},
file = {:C$\backslash$:/Users/Charlie/Dropbox/UCLA/FUSION SHARED/CHARLIES RESEARCH/\_\_SCIENTIFIC\_LITERATURE/MHD/Hua, Walker - 1989 - Three-dimensional MHD flow in insulating circular ducts in non-uniform transverse magnetic fields.pdf:pdf},
issn = {00207225},
journal = {International Journal of Engineering Science},
month = jan,
number = {9},
pages = {1079--1091},
title = {{Three-dimensional MHD flow in insulating circular ducts in non-uniform transverse magnetic fields}},
url = {http://linkinghub.elsevier.com/retrieve/pii/0020722589900864},
volume = {27},
year = {1989}
}
@article{Hunt1971,
author = {Hunt, J C R},
file = {:C$\backslash$:/Users/Charlie/Dropbox/UCLA/FUSION SHARED/CHARLIES RESEARCH/\_\_SCIENTIFIC\_LITERATURE/MHD/Hunt - 1971 - Three-dimensional MHD duct flows with strong rectangular ducts with conducting sides.pdf:pdf},
journal = {Jounral of Fluid Mechanics},
title = {{Three-dimensional MHD duct flows with strong rectangular ducts with conducting sides}},
volume = {46},
year = {1971}
}
@article{Hunt1971a,
author = {Hunt, J C R},
file = {:C$\backslash$:/Users/Charlie/Dropbox/UCLA/FUSION SHARED/CHARLIES RESEARCH/\_\_SCIENTIFIC\_LITERATURE/MHD/Hunt - 1971 - Three-dimensional MHD duct flows with strong rectangular ducts with conducting sides.pdf:pdf},
journal = {Jounral of Fluid Mechanics},
title = {{Three-dimensional MHD duct flows with strong rectangular ducts with conducting sides}},
volume = {46},
year = {1971}
}
@article{Hunt2006,
author = {Hunt, J. C. R.},
doi = {10.1017/S0022112065000344},
file = {:C$\backslash$:/Users/Charlie/Dropbox/UCLA/FUSION SHARED/CHARLIES RESEARCH/\_\_SCIENTIFIC\_LITERATURE/MHD/Hunt - 2006 - Magnetohydrodynamic flow in rectangular ducts.pdf:pdf},
issn = {0022-1120},
journal = {Journal of Fluid Mechanics},
month = mar,
number = {04},
pages = {577},
title = {{Magnetohydrodynamic flow in rectangular ducts}},
url = {http://www.journals.cambridge.org/abstract\_S0022112065000344},
volume = {21},
year = {2006}
}
@article{Hunt2006a,
author = {Hunt, J. C. R. and Ludford, G. S. S.},
doi = {10.1017/S002211206800162X},
file = {:C$\backslash$:/Users/Charlie/Dropbox/UCLA/FUSION SHARED/CHARLIES RESEARCH/\_\_SCIENTIFIC\_LITERATURE/MHD/Hunt, Ludford - 2006 - Three-dimensional MHD duct flows with strong transverse magnetic fields Part 1. Obstacles in a constant area chan.pdf:pdf},
issn = {0022-1120},
journal = {Journal of Fluid Mechanics},
month = mar,
number = {04},
pages = {693},
title = {{Three-dimensional MHD duct flows with strong transverse magnetic fields Part 1. Obstacles in a constant area channel}},
url = {http://www.journals.cambridge.org/abstract\_S002211206800162X},
volume = {33},
year = {2006}
}
@article{Hunt2006b,
author = {Hunt, J. C. R. and Ludford, G. S. S.},
doi = {10.1017/S002211206800162X},
file = {:C$\backslash$:/Users/Charlie/Dropbox/UCLA/FUSION SHARED/CHARLIES RESEARCH/\_\_SCIENTIFIC\_LITERATURE/MHD/Hunt, Ludford - 2006 - Three-dimensional MHD duct flows with strong transverse magnetic fields Part 1. Obstacles in a constant area chan.pdf:pdf},
issn = {0022-1120},
journal = {Journal of Fluid Mechanics},
month = mar,
number = {04},
pages = {693},
title = {{Three-dimensional MHD duct flows with strong transverse magnetic fields Part 1. Obstacles in a constant area channel}},
url = {http://www.journals.cambridge.org/abstract\_S002211206800162X},
volume = {33},
year = {2006}
}
@article{INNES1999,
author = {INNES, D. E. and T\'{O}TH, G.},
file = {:C$\backslash$:/Users/Charlie/Dropbox/UCLA/FUSION SHARED/CHARLIES RESEARCH/\_\_SCIENTIFIC\_LITERATURE/MHD/Physics - 1999 - SIMULATIONS OF SMALL-SCALE EXPLOSIVE EVENTS ON THE SUN D. E. INNES 1 and G. T\'{O}TH 2 1.pdf:pdf},
number = {July 1998},
pages = {127--141},
title = {{SIMULATIONS OF SMALL-SCALE EXPLOSIVE EVENTS ON THE SUN}},
volume = {3},
year = {1999}
}
@article{Inoue1994,
author = {Inoue, Akira and Kozawa, Yoshiyuki and Takahashi, Minoru and Matsuzaki, Mituo and Yoshizawa, Atubumi},
doi = {10.1016/0894-1777(94)90072-8},
file = {:C$\backslash$:/Users/Charlie/Dropbox/UCLA/FUSION SHARED/CHARLIES RESEARCH/\_\_SCIENTIFIC\_LITERATURE/MHD/Inoue et al. - 1994 - Characteristics of flow and heat transfer in air-mercury two-phase stratified flow under a vertical magnetic field.pdf:pdf},
issn = {08941777},
journal = {Experimental Thermal and Fluid Science},
keywords = {heat transfer,interfacial waves,liquid metal,magnetohydrodynamics,pressure drop,stratified flow,two-phase flow},
month = jan,
number = {1},
pages = {46--57},
title = {{Characteristics of flow and heat transfer in air-mercury two-phase stratified flow under a vertical magnetic field}},
url = {http://linkinghub.elsevier.com/retrieve/pii/0894177794900728},
volume = {8},
year = {1994}
}
@article{Iskakov2004,
author = {a.B. Iskakov and Descombes, S. and Dormy, E.},
doi = {10.1016/j.jcp.2003.12.008},
file = {:C$\backslash$:/Users/Charlie/Dropbox/UCLA/FUSION SHARED/CHARLIES RESEARCH/\_\_SCIENTIFIC\_LITERATURE/MHD/Iskakov, Descombes, Dormy - 2004 - An integro-differential formulation for magnetic induction in bounded domains boundary element–finite.pdf:pdf},
issn = {00219991},
journal = {Journal of Computational Physics},
keywords = {boundary element,hydrodynamic and hydromagnetic problems,magnetohydrodynamics and electrohydrodynamics},
month = jul,
number = {2},
pages = {540--554},
title = {{An integro-differential formulation for magnetic induction in bounded domains: boundary element–finite volume method}},
url = {http://linkinghub.elsevier.com/retrieve/pii/S002199910300651X},
volume = {197},
year = {2004}
}
@article{J.C.R.1966,
author = {J.C.R., Hunt and Stewartson, K},
file = {:C$\backslash$:/Users/Charlie/Dropbox/UCLA/FUSION SHARED/CHARLIES RESEARCH/\_\_SCIENTIFIC\_LITERATURE/MHD/J.C.R., Stewartson - 1966 - Magnetohydrodynamic flow in rectangular ducts . I1.pdf:pdf},
journal = {JFM},
title = {{Magnetohydrodynamic flow in rectangular ducts . I1}},
volume = {23},
year = {1966}
}
@article{Karlsruhe2000,
author = {Karlsruhe, Forschungszentrum and Transfer, Heat and Aviv, Ramat},
file = {:C$\backslash$:/Users/Charlie/Dropbox/UCLA/FUSION SHARED/CHARLIES RESEARCH/\_\_SCIENTIFIC\_LITERATURE/MHD/Karlsruhe, Transfer, Aviv - 2000 - Turbulent transport of momentum and heat in magnetohydrodynamic rectangular duct flow with strong sid.pdf:pdf},
pages = {247--279},
title = {{Turbulent transport of momentum and heat in magnetohydrodynamic rectangular duct flow with strong sidewall jets}},
volume = {406},
year = {2000}
}
@article{Kenjere2000,
author = {Kenjere, S and Hanjali, K},
file = {:C$\backslash$:/Users/Charlie/Dropbox/UCLA/FUSION SHARED/CHARLIES RESEARCH/\_\_SCIENTIFIC\_LITERATURE/MHD/Kenjere, Hanjali - 2000 - On the implementation of e  ects of Lorentz force in turbulence closure models.pdf:pdf},
keywords = {closure models,magneto,turbulence,uid dynamics},
pages = {329--337},
title = {{On the implementation of e  ects of Lorentz force in turbulence closure models}},
volume = {21},
year = {2000}
}
@article{Kim2000,
author = {Kim, Dongjoo and Choi, Haecheon},
doi = {10.1006/jcph.2000.6546},
file = {:C$\backslash$:/Users/Charlie/Dropbox/UCLA/FUSION SHARED/CHARLIES RESEARCH/\_\_SCIENTIFIC\_LITERATURE/MHD/Kim, Choi - 2000 - A Second-Order Time-Accurate Finite Volume Method for Unsteady Incompressible Flow on Hybrid Unstructured Grids.pdf:pdf;:C$\backslash$:/Users/Charlie/Dropbox/UCLA/FUSION SHARED/CHARLIES RESEARCH/\_\_SCIENTIFIC\_LITERATURE/MHD/Kim, Choi - 2000 - A Second-Order Time-Accurate Finite Volume Method for Unsteady Incompressible Flow on Hybrid Unstructured Grids(2).pdf:pdf},
issn = {00219991},
journal = {Journal of Computational Physics},
keywords = {finite volume method,nonstaggered,unsteady incompressible flow},
month = aug,
number = {2},
pages = {411--428},
title = {{A Second-Order Time-Accurate Finite Volume Method for Unsteady Incompressible Flow on Hybrid Unstructured Grids}},
url = {http://linkinghub.elsevier.com/retrieve/pii/S002199910096546X},
volume = {M},
year = {2000}
}
@article{Kind2011,
author = {Kind, Special},
doi = {10.1007/978-1-4419-7820-2},
file = {:C$\backslash$:/Users/Charlie/Dropbox/UCLA/FUSION SHARED/CHARLIES RESEARCH/\_\_SCIENTIFIC\_LITERATURE/MATERIAL FOR NEW STUDENTS/Francis F. Chen - An Indespensible Truth-How Fusion Power Can Save the Planet/part-II-ch6.pdf:pdf},
isbn = {9781441978202},
pages = {219--238},
title = {{The Remarkable Tokamak *}},
year = {2011}
}
@article{Kirillov1995,
author = {Kirillov, Igor R and Reed, Claude B and Barleon, Leopold and Miyazaki, Keiji},
file = {:C$\backslash$:/Users/Charlie/Dropbox/UCLA/FUSION SHARED/CHARLIES RESEARCH/\_\_SCIENTIFIC\_LITERATURE/MHD/Kirillov et al. - 1995 - Fusion Engineering and Design Present understanding of MHD and heat transfer phenomena for liquid metal blanket.pdf:pdf},
pages = {553--569},
title = {{Fusion Engineering and Design Present understanding of MHD and heat transfer phenomena for liquid metal blankets}},
volume = {27},
year = {1995}
}
@article{Knaepen2008,
author = {Knaepen, Bernard and Moreau, Ren\'{e}},
doi = {10.1146/annurev.fluid.39.050905.110231},
file = {:C$\backslash$:/Users/Charlie/Dropbox/UCLA/FUSION SHARED/CHARLIES RESEARCH/\_\_SCIENTIFIC\_LITERATURE/MHD/Knaepen, Moreau - 2008 - Magnetohydrodynamic Turbulence at Low Magnetic Reynolds Number.pdf:pdf},
issn = {0066-4189},
journal = {Annual Review of Fluid Mechanics},
keywords = {magnetohydrodynamics,modeling,simulation},
month = jan,
number = {1},
pages = {25--45},
title = {{Magnetohydrodynamic Turbulence at Low Magnetic Reynolds Number}},
url = {http://www.annualreviews.org/doi/abs/10.1146/annurev.fluid.39.050905.110231},
volume = {40},
year = {2008}
}
@article{Krasnov2007,
author = {Krasnov, Dmitry and Boeck, Thomas and Zienicke, Egbert and Moresco, Pablo and Alboussi, Thierry},
file = {:C$\backslash$:/Users/Charlie/Dropbox/UCLA/FUSION SHARED/CHARLIES RESEARCH/\_\_SCIENTIFIC\_LITERATURE/MHD/Krasnov et al. - 2007 - Transition to Turbulence in the Hartmann Boundary Layer.pdf:pdf},
keywords = {hartmann layer,liquid metals,magnetic field,magnetohydrodynamics,turbu-},
number = {1},
pages = {125--132},
title = {{Transition to Turbulence in the Hartmann Boundary Layer}},
volume = {132},
year = {2007}
}
@article{Lee2001,
author = {Lee, Donghoon and Choi, Haecheon},
doi = {10.1017/S0022112001004621},
file = {:C$\backslash$:/Users/Charlie/Dropbox/UCLA/FUSION SHARED/CHARLIES RESEARCH/\_\_SCIENTIFIC\_LITERATURE/MHD/Lee, Choi - 2001 - Magnetohydrodynamic turbulent flow in a channel at low magnetic Reynolds number.pdf:pdf},
issn = {0022-1120},
journal = {Journal of Fluid Mechanics},
month = jul,
pages = {367--394},
title = {{Magnetohydrodynamic turbulent flow in a channel at low magnetic Reynolds number}},
url = {http://www.journals.cambridge.org/abstract\_S0022112001004621},
volume = {439},
year = {2001}
}
@article{Lee2009,
author = {Lee, Dongwook and Deane, Anil E.},
doi = {10.1016/j.jcp.2008.08.026},
file = {:C$\backslash$:/Users/Charlie/Dropbox/UCLA/FUSION SHARED/CHARLIES RESEARCH/\_\_SCIENTIFIC\_LITERATURE/MHD/Lee, Deane - 2009 - An unsplit staggered mesh scheme for multidimensional magnetohydrodynamics.pdf:pdf},
issn = {00219991},
journal = {Journal of Computational Physics},
month = mar,
number = {4},
pages = {952--975},
publisher = {Elsevier Inc.},
title = {{An unsplit staggered mesh scheme for multidimensional magnetohydrodynamics}},
url = {http://linkinghub.elsevier.com/retrieve/pii/S0021999108004506},
volume = {228},
year = {2009}
}
@article{Li2013a,
author = {Li, F and Sutevski, D and Smolentsev, S and Abdou, M},
doi = {10.1016/j.fusengdes.2013.08.006},
file = {:C$\backslash$:/Users/Charlie/Dropbox/UCLA/FUSION SHARED/CHARLIES RESEARCH/\_\_SCIENTIFIC\_LITERATURE/MHD/Li et al. - 2013 - Experimental and numerical studies of pressure drop in PbLi flows in a circular duct under non-uniform transverse mag.pdf:pdf},
keywords = {fringing magnetic field,magnetohydrodynamics},
pages = {3060--3071},
title = {{Experimental and numerical studies of pressure drop in PbLi flows in a circular duct under non-uniform transverse magnetic field}},
volume = {88},
year = {2013}
}
@article{Li2010,
author = {Li, Shengtai},
doi = {10.1016/j.jcp.2010.06.044},
file = {:C$\backslash$:/Users/Charlie/Dropbox/UCLA/FUSION SHARED/CHARLIES RESEARCH/\_\_SCIENTIFIC\_LITERATURE/MHD/Li - 2010 - A fourth-order divergence-free method for MHD flows.pdf:pdf},
issn = {00219991},
journal = {Journal of Computational Physics},
keywords = {finite-volume method},
month = oct,
number = {20},
pages = {7893--7910},
title = {{A fourth-order divergence-free method for MHD flows}},
url = {http://linkinghub.elsevier.com/retrieve/pii/S0021999110003682},
volume = {229},
year = {2010}
}
@article{Li2013,
author = {Li, Yongqi and Zikanov, Oleg},
doi = {10.1016/j.fusengdes.2013.01.087},
file = {:C$\backslash$:/Users/Charlie/Dropbox/UCLA/FUSION SHARED/CHARLIES RESEARCH/\_\_SCIENTIFIC\_LITERATURE/MHD/Li, Zikanov - 2013 - Laminar pipe flow at the entrance into transverse magnetic field.pdf:pdf},
issn = {09203796},
journal = {Fusion Engineering and Design},
keywords = {magnetohydrodynamics},
month = may,
number = {4},
pages = {195--201},
publisher = {Elsevier B.V.},
title = {{Laminar pipe flow at the entrance into transverse magnetic field}},
url = {http://linkinghub.elsevier.com/retrieve/pii/S0920379613000975},
volume = {88},
year = {2013}
}
@article{Li2013b,
author = {Li, Yongqi and Zikanov, Oleg},
doi = {10.1016/j.fusengdes.2013.01.087},
file = {:C$\backslash$:/Users/Charlie/Dropbox/UCLA/FUSION SHARED/CHARLIES RESEARCH/\_\_SCIENTIFIC\_LITERATURE/MHD/Li, Zikanov - 2013 - Laminar pipe flow at the entrance into transverse magnetic field.pdf:pdf},
issn = {09203796},
journal = {Fusion Engineering and Design},
keywords = {magnetohydrodynamics},
month = may,
number = {4},
pages = {195--201},
publisher = {Elsevier B.V.},
title = {{Laminar pipe flow at the entrance into transverse magnetic field}},
url = {http://linkinghub.elsevier.com/retrieve/pii/S0920379613000975},
volume = {88},
year = {2013}
}
@article{Mecanique1982a,
author = {Mecanique, Institut De and Grenoble, Universite De and Cedex, Grenoble},
file = {:C$\backslash$:/Users/Charlie/Dropbox/UCLA/FUSION SHARED/CHARLIES RESEARCH/\_\_SCIENTIFIC\_LITERATURE/MHD/Mecanique, Grenoble, Cedex - 1982 - Why , how , and when , MHD turbulence becomes two-dimensional.pdf:pdf},
journal = {JFM},
title = {{Why , how , and when , MHD turbulence becomes two-dimensional}},
volume = {118},
year = {1982}
}
@article{Mecanique1982,
author = {Mecanique, Institut De and Grenoble, Universite De and Cedex, Grenoble},
file = {:C$\backslash$:/Users/Charlie/Dropbox/UCLA/FUSION SHARED/CHARLIES RESEARCH/\_\_SCIENTIFIC\_LITERATURE/MHD/Mecanique, Grenoble, Cedex - 1982 - Why , how , and when , MHD turbulence becomes two-dimensional.pdf:pdf;:C$\backslash$:/Users/Charlie/Dropbox/UCLA/FUSION SHARED/CHARLIES RESEARCH/\_\_SCIENTIFIC\_LITERATURE/MHD/Mecanique, Grenoble, Cedex - 1982 - Why , how , and when , MHD turbulence becomes two-dimensional.pdf:pdf},
journal = {JFM},
title = {{Why , how , and when , MHD turbulence becomes two-dimensional}},
volume = {118},
year = {1982}
}
@article{Mechanics1972,
author = {Mechanics, Applied and Physics, Theoretical},
file = {:C$\backslash$:/Users/Charlie/Dropbox/UCLA/FUSION SHARED/CHARLIES RESEARCH/\_\_SCIENTIFIC\_LITERATURE/MHD/Mechanics, Physics - 1972 - Three-dimensional MHD duct flows with strong transverse magnetic fields. Part 3. Variable-area rectangular d.pdf:pdf},
journal = {Jounral of Fluid Mechanics},
title = {{Three-dimensional MHD duct flows with strong transverse magnetic fields. Part 3. Variable-area rectangular ducts with insulating walls}},
volume = {56},
year = {1972}
}
@article{Mechanics1972a,
author = {Mechanics, Applied and Physics, Theoretical},
file = {:C$\backslash$:/Users/Charlie/Dropbox/UCLA/FUSION SHARED/CHARLIES RESEARCH/\_\_SCIENTIFIC\_LITERATURE/MHD/Mechanics, Physics - 1972 - Three-dimensional MHD duct flows with strong transverse magnetic fields. Part 3. Variable-area rectangular d.pdf:pdf},
journal = {Jounral of Fluid Mechanics},
title = {{Three-dimensional MHD duct flows with strong transverse magnetic fields. Part 3. Variable-area rectangular ducts with insulating walls}},
volume = {56},
year = {1972}
}
@article{Messadek2002,
author = {Messadek, Karim and Moreau, Rene},
doi = {10.1017/S0022112001007716},
file = {:C$\backslash$:/Users/Charlie/Dropbox/UCLA/FUSION SHARED/CHARLIES RESEARCH/\_\_SCIENTIFIC\_LITERATURE/MHD/Messadek, Moreau - 2002 - An experimental investigation of MHD quasi-two-dimensional turbulent shear flows.pdf:pdf},
issn = {0022-1120},
journal = {Journal of Fluid Mechanics},
month = apr,
pages = {137--159},
title = {{An experimental investigation of MHD quasi-two-dimensional turbulent shear flows}},
url = {http://www.journals.cambridge.org/abstract\_S0022112001007716},
volume = {456},
year = {2002}
}
@article{Morley2008,
author = {Morley, N B and Ni, M and Munipalli, R and Huang, P and Abdou, M A},
doi = {10.1016/j.fusengdes.2008.04.010},
file = {:C$\backslash$:/Users/Charlie/AppData/Local/Mendeley Ltd./Mendeley Desktop/Downloaded/Morley et al. - 2008 - MHD simulations of liquid metal flow through a toroidally oriented manifold.pdf:pdf},
journal = {Fusion Engineering and Design},
keywords = {liquid metal blankets,magnetohydrodynamics,mhd},
pages = {1335--1339},
title = {{MHD simulations of liquid metal flow through a toroidally oriented manifold}},
volume = {83},
year = {2008}
}
@article{Morley2008a,
author = {Morley, N B and Ni, M and Munipalli, R and Huang, P and Abdou, M A},
doi = {10.1016/j.fusengdes.2008.04.010},
file = {:C$\backslash$:/Users/Charlie/AppData/Local/Mendeley Ltd./Mendeley Desktop/Downloaded/Morley et al. - 2008 - MHD simulations of liquid metal flow through a toroidally oriented manifold.pdf:pdf},
journal = {Fusion Engineering and Design},
keywords = {liquid metal blankets,magnetohydrodynamics,mhd},
pages = {1335--1339},
title = {{MHD simulations of liquid metal flow through a toroidally oriented manifold}},
volume = {83},
year = {2008}
}
@article{Morley2004,
author = {Morley, N B and Smolentsev, S and Munipalli, R and Ni, M and Gao, D and Abdou, M},
doi = {10.1016/j.fusengdes.2004.07.013},
file = {:C$\backslash$:/Users/Charlie/Dropbox/UCLA/FUSION SHARED/CHARLIES RESEARCH/\_\_SCIENTIFIC\_LITERATURE/MHD/Morley et al. - 2004 - Progress on the modeling of liquid metal , free surface , MHD flows for fusion liquid walls.pdf:pdf},
keywords = {apex,free surface,incompressible,level-set,magnetohydrodynamics},
pages = {3--34},
title = {{Progress on the modeling of liquid metal , free surface , MHD flows for fusion liquid walls}},
volume = {72},
year = {2004}
}
@article{Najmabadi2006,
author = {Najmabadi, Farrokh and Raffray, a. Rene},
doi = {10.1016/j.fusengdes.2006.07.087},
file = {:C$\backslash$:/Users/Charlie/Dropbox/UCLA/FUSION SHARED/CHARLIES RESEARCH/\_\_SCIENTIFIC\_LITERATURE/MATERIAL FOR NEW STUDENTS/Recommended Squence/1.4) Recent progress in the ARIES compact stellarator study.pdf:pdf},
issn = {09203796},
journal = {Fusion Engineering and Design},
keywords = {compact stellarator,fusion power plant},
month = nov,
number = {23-24},
pages = {2679--2693},
title = {{Recent progress in the ARIES compact stellarator study}},
url = {http://linkinghub.elsevier.com/retrieve/pii/S0920379606002535},
volume = {81},
year = {2006}
}
@article{Ni2012,
author = {Ni, Ming-Jiu and Li, Jun-Feng},
doi = {10.1016/j.jcp.2011.08.013},
file = {:C$\backslash$:/Users/Charlie/Dropbox/UCLA/FUSION SHARED/CHARLIES RESEARCH/\_\_SCIENTIFIC\_LITERATURE/MHD/Ni, Li - 2012 - A consistent and conservative scheme for incompressible MHD flows at a low magnetic Reynolds number. Part III On a stagg.pdf:pdf},
issn = {00219991},
journal = {Journal of Computational Physics},
keywords = {consistent and conservative scheme},
month = jan,
number = {2},
pages = {281--298},
title = {{A consistent and conservative scheme for incompressible MHD flows at a low magnetic Reynolds number. Part III: On a staggered mesh}},
url = {http://linkinghub.elsevier.com/retrieve/pii/S0021999111004852},
volume = {231},
year = {2012}
}
@article{Ni2007,
author = {Ni, Ming-Jiu and Munipalli, Ramakanth and Morley, Neil B. and Huang, Peter and Abdou, Mohamed a.},
doi = {10.1016/j.jcp.2007.07.025},
file = {:C$\backslash$:/Users/Charlie/Dropbox/UCLA/FUSION SHARED/CHARLIES RESEARCH/\_\_SCIENTIFIC\_LITERATURE/MHD/Ni et al. - 2007 - A current density conservative scheme for incompressible MHD flows at a low magnetic Reynolds number. Part I On a rec.pdf:pdf},
issn = {00219991},
journal = {Journal of Computational Physics},
keywords = {consistent and conservative scheme,mhd,projection method},
month = nov,
number = {1},
pages = {174--204},
title = {{A current density conservative scheme for incompressible MHD flows at a low magnetic Reynolds number. Part I: On a rectangular collocated grid system}},
url = {http://linkinghub.elsevier.com/retrieve/pii/S0021999107003270},
volume = {227},
year = {2007}
}
@misc{Perot,
author = {Perot, J.Blair},
file = {:C$\backslash$:/Users/Charlie/Dropbox/UCLA/FUSION SHARED/CHARLIES RESEARCH/\_\_SCIENTIFIC\_LITERATURE/MHD/Perot - Unknown - An Analysis of the Fractional Step Method - Perot.pdf.pdf:pdf},
title = {{An Analysis of the Fractional Step Method - Perot.pdf}}
}
@article{Picologlou1989,
author = {Picologlou, B.F. and Reed, C.B},
file = {:C$\backslash$:/Users/Charlie/Dropbox/UCLA/FUSION SHARED/CHARLIES RESEARCH/\_\_SCIENTIFIC\_LITERATURE/MHD/B.F., Reed - 1989 - Experimental Investigation of 3D MHD Flows at High Hartmann Number and Interaction Parameters.pdf:pdf},
journal = {Springer},
title = {{Experimental Investigation of 3D MHD Flows at High Hartmann Number and Interaction Parameters}},
year = {1989}
}
@article{Powell1994,
author = {Powell, Kenneth G},
file = {:C$\backslash$:/Users/Charlie/Dropbox/UCLA/FUSION SHARED/CHARLIES RESEARCH/\_\_SCIENTIFIC\_LITERATURE/MHD/Powell, Powell - 1994 - ( THAT WORKS IN MORE THAN ONE DIMENSION ) SR ' r-te.pdf:pdf},
title = {{( THAT WORKS IN MORE THAN ONE DIMENSION ) SR ' r-te ;}},
year = {1994}
}
@article{Project2013,
author = {Project, Joint},
file = {:C$\backslash$:/Users/Charlie/Dropbox/UCLA/FUSION SHARED/CHARLIES RESEARCH/\_\_SCIENTIFIC\_LITERATURE/TRITIUM/Papers - unread/1) high priority/Joint Project, Technological Assesment of PFCs for DEMO Reactors.pdf:pdf},
number = {August 2011},
title = {{Technological Assessment of Plasma Facing Components for DEMO Reactors}},
year = {2013}
}
@article{Raffray2008,
author = {Raffray, A R and Malang, S and Wang, X R and Bromberg, L and Ihli, T and Merrill, B and Waganer, L and Team, Aries-cs},
file = {:C$\backslash$:/Users/Charlie/Dropbox/UCLA/FUSION SHARED/CHARLIES RESEARCH/\_\_SCIENTIFIC\_LITERATURE/MATERIAL FOR NEW STUDENTS/Recommended Squence/1.5) Engineering Design and Analysis of ARIES-CS Power Plant.pdf:pdf},
keywords = {compact stellarator,de-,fusion power plant},
pages = {725--746},
title = {{ENGINEERING DESIGN AND ANALYSIS OF THE ARIES-CS POWER PLANT}},
year = {2008}
}
@article{Raffray2006,
author = {a.R. Raffray and Malang, S. and El-Guebaly, L. and Ihli, T. and Najmabadi, F. and Wang, X.},
doi = {10.1016/j.fusengdes.2005.08.089},
file = {:C$\backslash$:/Users/Charlie/Dropbox/UCLA/FUSION SHARED/CHARLIES RESEARCH/\_\_SCIENTIFIC\_LITERATURE/FUSION ENERGY TECHNOLOGY/Major integration issues in evolving the configuration design space for the ARIES-CS compact stellarator power plant.pdf:pdf},
issn = {09203796},
journal = {Fusion Engineering and Design},
keywords = {blanket design,compact stellarator,divertor design,engineering integration,maintenance scheme},
month = feb,
number = {8-14},
pages = {1159--1168},
title = {{Major integration issues in evolving the configuration design space for the ARIES-CS compact stellarator power plant}},
url = {http://linkinghub.elsevier.com/retrieve/pii/S0920379605006423},
volume = {81},
year = {2006}
}
@article{Reed1987a,
author = {Reed, C B and Picologlou, B F and Hua, T Q and Walker, J S},
file = {:C$\backslash$:/Users/Charlie/Dropbox/UCLA/FUSION SHARED/CHARLIES RESEARCH/\_\_SCIENTIFIC\_LITERATURE/MHD/Reed et al. - 1987 - ALEX RESULTS - A COMPARISON OF MEASUREMENTS FROM A ROUND by.pdf:pdf},
title = {{ALEX RESULTS - A COMPARISON OF MEASUREMENTS FROM A ROUND by}},
year = {1987}
}
@article{Reed1987,
author = {Reed, C B and Picologlou, B F and Hua, T Q and Walker, J S},
file = {:C$\backslash$:/Users/Charlie/Dropbox/UCLA/FUSION SHARED/CHARLIES RESEARCH/\_\_SCIENTIFIC\_LITERATURE/MHD/Reed et al. - 1987 - ALEX RESULTS - A COMPARISON OF MEASUREMENTS FROM A ROUND by.pdf:pdf;:C$\backslash$:/Users/Charlie/Dropbox/UCLA/FUSION SHARED/CHARLIES RESEARCH/\_\_SCIENTIFIC\_LITERATURE/MHD/Reed et al. - 1987 - ALEX RESULTS - A COMPARISON OF MEASUREMENTS FROM A ROUND by.pdf:pdf},
title = {{ALEX RESULTS - A COMPARISON OF MEASUREMENTS FROM A ROUND by}},
year = {1987}
}
@article{Republic1996,
author = {Republic, Czech and Instituut, Sterrenkundig},
file = {:C$\backslash$:/Users/Charlie/AppData/Local/Mendeley Ltd./Mendeley Desktop/Downloaded/Republic, Instituut - 1996 - Comparison of Some Flux Corrected Transport and Total Variation Diminishing Numerical Schemes for Hydrodyna.pdf:pdf},
pages = {82--100},
title = {{Comparison of Some Flux Corrected Transport and Total Variation Diminishing Numerical Schemes for Hydrodynamic and Magnetohydrodynamic Problems}},
volume = {100},
year = {1996}
}
@article{Republic1996a,
author = {Republic, Czech and Instituut, Sterrenkundig},
file = {:C$\backslash$:/Users/Charlie/AppData/Local/Mendeley Ltd./Mendeley Desktop/Downloaded/Republic, Instituut - 1996 - Comparison of Some Flux Corrected Transport and Total Variation Diminishing Numerical Schemes for Hydrodyna.pdf:pdf},
pages = {82--100},
title = {{Comparison of Some Flux Corrected Transport and Total Variation Diminishing Numerical Schemes for Hydrodynamic and Magnetohydrodynamic Problems}},
volume = {100},
year = {1996}
}
@article{Roberts1965,
author = {Roberts, By K V and Weiss, N O},
file = {:C$\backslash$:/Users/Charlie/Dropbox/UCLA/FUSION SHARED/CHARLIES RESEARCH/\_\_SCIENTIFIC\_LITERATURE/MHD/Roberts, Weiss - 1965 - Convective Difference Schemes.pdf:pdf},
pages = {272--299},
title = {{Convective Difference Schemes}},
year = {1965}
}
@article{Roberts1971,
author = {Roberts, Glyn},
file = {:C$\backslash$:/Users/Charlie/Dropbox/UCLA/FUSION SHARED/CHARLIES RESEARCH/\_\_SCIENTIFIC\_LITERATURE/MHD/Roberts - 1971 - Computational Meshes for Boundary Layer Problems.pdf:pdf},
journal = {Proceedings of the Second International Conference on Numerical Methods in Fluid Dynamics},
number = {2},
title = {{Computational Meshes for Boundary Layer Problems}},
year = {1971}
}
@article{Roe1996,
author = {Roe, P. L. and Balsara, D. S.},
doi = {10.1137/S003613999427084X},
file = {:C$\backslash$:/Users/Charlie/Dropbox/UCLA/FUSION SHARED/CHARLIES RESEARCH/\_\_SCIENTIFIC\_LITERATURE/MHD/Roe, Balsara - 1996 - Notes on the Eigensystem of Magnetohydrodynamics.pdf:pdf},
issn = {0036-1399},
journal = {SIAM Journal on Applied Mathematics},
month = feb,
number = {1},
pages = {57--67},
title = {{Notes on the Eigensystem of Magnetohydrodynamics}},
url = {http://epubs.siam.org/doi/abs/10.1137/S003613999427084X},
volume = {56},
year = {1996}
}
@article{Roux1995,
author = {Roux, N and Hollenberg, G and Johnson, C and N, K and Verrall, R},
file = {:C$\backslash$:/Users/Charlie/Dropbox/UCLA/FUSION SHARED/CHARLIES RESEARCH/\_\_SCIENTIFIC\_LITERATURE/PAPERS/Summary  of  experimental  results  for  ceramic breeder materials, N. Roux, G. Hollenberg et al.pdf:pdf},
pages = {154--166},
title = {{Fusion Engineering and Design Summary of experimental results for ceramic breeder materials}},
volume = {27},
year = {1995}
}
@article{Ryu1998,
author = {Ryu, Dongsu and Miniati, Francesco and Al, Et},
file = {:C$\backslash$:/Users/Charlie/Dropbox/UCLA/FUSION SHARED/CHARLIES RESEARCH/\_\_SCIENTIFIC\_LITERATURE/MHD/Ryu, Miniati, Al - 1998 - A Divergence-Free Upwind Code for Multidimensional MHD Flows.pdf:pdf},
journal = {The Astrophysical Journal},
title = {{A Divergence-Free Upwind Code for Multidimensional MHD Flows}},
volume = {10},
year = {1998}
}
@article{Sahu2012,
author = {Sahu, S and Bhattacharyay, R P and Rajendrakumar, E and Platacis, E and Brucenis, I},
file = {:C$\backslash$:/Users/Charlie/Dropbox/UCLA/FUSION SHARED/CHARLIES RESEARCH/\_\_SCIENTIFIC\_LITERATURE/MHD/Sahu et al. - 2012 - Calibration of MHD Flowmeter Using COMSOL Software.pdf:pdf},
keywords = {electrical conductivity,flow,fluid dynamics,like,liquid metal,maxwell,meter,nuclear reactors,s law,thermo-physical properties of the,upon,viscosity as well as},
title = {{Calibration of MHD Flowmeter Using COMSOL Software}},
year = {2012}
}
@article{Salah2001,
author = {Salah, Nizar and Soulaimani, Azzeddine and Habashi, Wagdi G},
file = {:C$\backslash$:/Users/Charlie/Dropbox/UCLA/FUSION SHARED/CHARLIES RESEARCH/\_\_SCIENTIFIC\_LITERATURE/MHD/Salah, Soulaimani, Habashi - 2001 - A finite element method for magnetohydrodynamics.pdf:pdf},
journal = {computational methods in applied mechanics},
keywords = {finite element methods,gmres,hartmann,ilut,incompressible magnetohydrodynamics,ows,segregated algorithm},
title = {{A finite element method for magnetohydrodynamics}},
volume = {190},
year = {2001}
}
@article{Shatrov2003,
author = {Shatrov, V. and Mutschke, G. and Gerbeth, G.},
doi = {10.1063/1.1582184},
file = {:C$\backslash$:/Users/Charlie/Dropbox/UCLA/FUSION SHARED/CHARLIES RESEARCH/\_\_SCIENTIFIC\_LITERATURE/MHD/Shatrov, Mutschke, Gerbeth - 2003 - Three-dimensional linear stability analysis of lid-driven magnetohydrodynamic cavity flow.pdf:pdf},
issn = {10706631},
journal = {Physics of Fluids},
number = {8},
pages = {2141},
title = {{Three-dimensional linear stability analysis of lid-driven magnetohydrodynamic cavity flow}},
url = {http://scitation.aip.org/content/aip/journal/pof2/15/8/10.1063/1.1582184},
volume = {15},
year = {2003}
}
@article{Shimomura1999,
author = {Shimomura, Y and Aymar, R and Chuyanov, V and Huguet, M and Parker, R},
file = {:C$\backslash$:/Users/Charlie/Dropbox/UCLA/FUSION SHARED/CHARLIES RESEARCH/\_\_SCIENTIFIC\_LITERATURE/ITER \& DEMO/Shimomura-ITER overview.pdf:pdf},
title = {{ITER overview ITER Joint Central Team}},
year = {1999}
}
@article{Shimomura1988,
author = {Shimomura, Yutaka},
file = {:C$\backslash$:/Users/Charlie/Dropbox/UCLA/FUSION SHARED/CHARLIES RESEARCH/\_\_SCIENTIFIC\_LITERATURE/MHD/Shimomura - 1988 - Statistical ANalysis of MHD Turbulent Shear Flows at Low Magnetic Reynolds Number.pdf:pdf},
journal = {Journal of te Physical Society of Japan},
pages = {2365--23},
title = {{Statistical ANalysis of MHD Turbulent Shear Flows at Low Magnetic Reynolds Number}},
volume = {57},
year = {1988}
}
@article{Smolentsev2006,
author = {Smolentsev, By S and Moreau, R},
file = {:C$\backslash$:/Users/Charlie/Dropbox/UCLA/FUSION SHARED/CHARLIES RESEARCH/\_\_SCIENTIFIC\_LITERATURE/MHD/Smolentsev, Moreau - 2006 - Modeling quasi-two-dimensional turbulence in MHD duct flows.pdf:pdf},
pages = {419--430},
title = {{Modeling quasi-two-dimensional turbulence in MHD duct flows}},
year = {2006}
}
@misc{Smolentsev,
abstract = {Not yet submitted},
author = {Smolentsev, S.},
file = {:C$\backslash$:/Users/Charlie/Dropbox/UCLA/FUSION SHARED/CHARLIES RESEARCH/\_\_SCIENTIFIC\_LITERATURE/MHD/Smolentsev - Unknown - Inboard DCLL blanket with sandwich flow channel insert using EU DEMO1 as a reference plant design.pdf.pdf:pdf},
title = {{Inboard DCLL blanket with sandwich flow channel insert using EU DEMO1 as a reference plant design.pdf}}
}
@article{Smolentsev2014,
author = {Smolentsev, S. and Badia, S. and Bhattacharyay, R. and B\"{u}hler, L. and Chen, L. and Huang, Q. and Jin, H.-G. and Krasnov, D. and Lee, D.-W. and de les Valls, E. Mas and Mistrangelo, C. and Munipalli, R. and Ni, M.-J. and Pashkevich, D. and Patel, a. and Pulugundla, G. and Satyamurthy, P. and Snegirev, a. and Sviridov, V. and Swain, P. and Zhou, T. and Zikanov, O.},
doi = {10.1016/j.fusengdes.2014.04.049},
file = {:C$\backslash$:/Users/Charlie/Dropbox/UCLA/FUSION SHARED/CHARLIES RESEARCH/\_\_SCIENTIFIC\_LITERATURE/MHD/Smolentsev et al. - 2014 - An approach to verification and validation of MHD codes for fusion applications.pdf:pdf},
issn = {09203796},
journal = {Fusion Engineering and Design},
month = may,
title = {{An approach to verification and validation of MHD codes for fusion applications}},
url = {http://linkinghub.elsevier.com/retrieve/pii/S0920379614003263},
year = {2014}
}
@article{Smolentsev2007,
author = {Smolentsev, S. and Moreau, R.},
doi = {10.1063/1.2747234},
file = {:C$\backslash$:/Users/Charlie/Dropbox/UCLA/FUSION SHARED/CHARLIES RESEARCH/\_\_SCIENTIFIC\_LITERATURE/MHD/Smolentsev, Moreau - 2007 - One-equation model for quasi-two-dimensional turbulent magnetohydrodynamic flows.pdf:pdf;:C$\backslash$:/Users/Charlie/Dropbox/UCLA/FUSION SHARED/CHARLIES RESEARCH/\_\_SCIENTIFIC\_LITERATURE/MHD/Smolentsev, Moreau - 2007 - One-equation model for quasi-two-dimensional turbulent magnetohydrodynamic flows(2).pdf:pdf},
issn = {10706631},
journal = {Physics of Fluids},
number = {7},
pages = {078101},
title = {{One-equation model for quasi-two-dimensional turbulent magnetohydrodynamic flows}},
url = {http://scitation.aip.org/content/aip/journal/pof2/19/7/10.1063/1.2747234},
volume = {19},
year = {2007}
}
@article{Smolentsev2007a,
author = {Smolentsev, S. and Moreau, R.},
doi = {10.1063/1.2747234},
file = {:C$\backslash$:/Users/Charlie/Dropbox/UCLA/FUSION SHARED/CHARLIES RESEARCH/\_\_SCIENTIFIC\_LITERATURE/MHD/Smolentsev, Moreau - 2007 - One-equation model for quasi-two-dimensional turbulent magnetohydrodynamic flows.pdf:pdf},
issn = {10706631},
journal = {Physics of Fluids},
number = {7},
pages = {078101},
title = {{One-equation model for quasi-two-dimensional turbulent magnetohydrodynamic flows}},
url = {http://scitation.aip.org/content/aip/journal/pof2/19/7/10.1063/1.2747234},
volume = {19},
year = {2007}
}
@article{Smolentsev2012,
author = {Smolentsev, S. and Vetcha, N. and Moreau, R.},
doi = {10.1063/1.3680864},
file = {:C$\backslash$:/Users/Charlie/Dropbox/UCLA/FUSION SHARED/CHARLIES RESEARCH/\_\_SCIENTIFIC\_LITERATURE/MHD/Smolentsev, Vetcha, Moreau - 2012 - Study of instabilities and transitions for a family of quasi-two-dimensional magnetohydrodynamic flo.pdf:pdf},
issn = {10706631},
journal = {Physics of Fluids},
number = {2},
pages = {024101},
title = {{Study of instabilities and transitions for a family of quasi-two-dimensional magnetohydrodynamic flows based on a parametrical model}},
url = {http://scitation.aip.org/content/aip/journal/pof2/24/2/10.1063/1.3680864},
volume = {24},
year = {2012}
}
@article{Smolentsev2002,
author = {Smolentsev, Sergey and Abdou, Mohamed and Morley, Neil and Ying, Alice and Kunugi, Tomoaki},
doi = {10.1016/S0020-7225(01)00088-X},
file = {:C$\backslash$:/Users/Charlie/Dropbox/UCLA/FUSION SHARED/CHARLIES RESEARCH/\_\_SCIENTIFIC\_LITERATURE/MHD/Smolentsev et al. - 2002 - Application of the “K–$\epsilon$” model to open channel flows in a magnetic field.pdf:pdf},
issn = {00207225},
journal = {International Journal of Engineering Science},
keywords = {heat transfer,joule dissipation,open channel flow,turbulence,two-equation model},
month = mar,
number = {6},
pages = {693--711},
title = {{Application of the “K–$\epsilon$” model to open channel flows in a magnetic field}},
url = {http://linkinghub.elsevier.com/retrieve/pii/S002072250100088X},
volume = {40},
year = {2002}
}
@article{Smolentsev2008a,
author = {Smolentsev, Sergey and Moreau, Ren\'{e} and Abdou, Mohamed},
doi = {10.1016/j.fusengdes.2008.07.023},
file = {:C$\backslash$:/Users/Charlie/Dropbox/UCLA/FUSION SHARED/CHARLIES RESEARCH/\_\_SCIENTIFIC\_LITERATURE/MHD/Smolentsev, Moreau, Abdou - 2008 - Characterization of key magnetohydrodynamic phenomena in PbLi flows for the US DCLL blanket.pdf:pdf},
issn = {09203796},
journal = {Fusion Engineering and Design},
keywords = {liquid metal blanket,magnetohydrodynamic effects},
month = oct,
number = {5-6},
pages = {771--783},
title = {{Characterization of key magnetohydrodynamic phenomena in PbLi flows for the US DCLL blanket}},
url = {http://linkinghub.elsevier.com/retrieve/pii/S0920379608002226},
volume = {83},
year = {2008}
}
@article{Smolentsev2008,
author = {Smolentsev, Sergey and Moreau, Ren\'{e} and Abdou, Mohamed},
doi = {10.1016/j.fusengdes.2008.07.023},
file = {:C$\backslash$:/Users/Charlie/Dropbox/UCLA/FUSION SHARED/CHARLIES RESEARCH/\_\_SCIENTIFIC\_LITERATURE/MHD/Smolentsev, Moreau, Abdou - 2008 - Characterization of key magnetohydrodynamic phenomena in PbLi flows for the US DCLL blanket.pdf:pdf},
issn = {09203796},
journal = {Fusion Engineering and Design},
keywords = {liquid metal blanket,magnetohydrodynamic effects},
month = oct,
number = {5-6},
pages = {771--783},
title = {{Characterization of key magnetohydrodynamic phenomena in PbLi flows for the US DCLL blanket}},
url = {http://linkinghub.elsevier.com/retrieve/pii/S0920379608002226},
volume = {83},
year = {2008}
}
@article{Smolentsev2005,
author = {Smolentsev, Sergey and Morley, Neil and Abdou, Mohamed},
doi = {10.1016/j.fusengdes.2005.01.003},
file = {:C$\backslash$:/Users/Charlie/AppData/Local/Mendeley Ltd./Mendeley Desktop/Downloaded/Smolentsev, Morley, Abdou - 2005 - Code development for analysis of MHD pressure drop reduction in a liquid metal blanket using insulati.pdf:pdf},
issn = {09203796},
journal = {Fusion Engineering and Design},
keywords = {code development,insulation technique,mhd pressure},
month = apr,
number = {1},
pages = {83--93},
title = {{Code development for analysis of MHD pressure drop reduction in a liquid metal blanket using insulation technique based on a fully developed flow model}},
url = {http://linkinghub.elsevier.com/retrieve/pii/S0920379605000177},
volume = {73},
year = {2005}
}
@article{Smolentsev2005a,
author = {Smolentsev, Sergey and Morley, Neil and Abdou, Mohamed},
doi = {10.1016/j.fusengdes.2005.01.003},
file = {:C$\backslash$:/Users/Charlie/AppData/Local/Mendeley Ltd./Mendeley Desktop/Downloaded/Smolentsev, Morley, Abdou - 2005 - Code development for analysis of MHD pressure drop reduction in a liquid metal blanket using insulati.pdf:pdf},
issn = {09203796},
journal = {Fusion Engineering and Design},
keywords = {code development,insulation technique,mhd pressure},
month = apr,
number = {1},
pages = {83--93},
title = {{Code development for analysis of MHD pressure drop reduction in a liquid metal blanket using insulation technique based on a fully developed flow model}},
url = {http://linkinghub.elsevier.com/retrieve/pii/S0920379605000177},
volume = {73},
year = {2005}
}
@article{Sterl2006a,
author = {Sterl, a.},
doi = {10.1017/S0022112090000386},
file = {:C$\backslash$:/Users/Charlie/Dropbox/UCLA/FUSION SHARED/CHARLIES RESEARCH/\_\_SCIENTIFIC\_LITERATURE/MHD/Sterl - 2006 - Numerical simulation of liquid-metal MHD flows in rectangular ducts.pdf:pdf},
issn = {0022-1120},
journal = {Journal of Fluid Mechanics},
month = apr,
number = {-1},
pages = {161},
title = {{Numerical simulation of liquid-metal MHD flows in rectangular ducts}},
url = {http://www.journals.cambridge.org/abstract\_S0022112090000386},
volume = {216},
year = {2006}
}
@article{Sterl2006,
author = {Sterl, a.},
doi = {10.1017/S0022112090000386},
file = {:C$\backslash$:/Users/Charlie/Dropbox/UCLA/FUSION SHARED/CHARLIES RESEARCH/\_\_SCIENTIFIC\_LITERATURE/MHD/Sterl - 2006 - Numerical simulation of liquid-metal MHD flows in rectangular ducts.pdf:pdf},
issn = {0022-1120},
journal = {Journal of Fluid Mechanics},
month = apr,
number = {-1},
pages = {161},
title = {{Numerical simulation of liquid-metal MHD flows in rectangular ducts}},
url = {http://www.journals.cambridge.org/abstract\_S0022112090000386},
volume = {216},
year = {2006}
}
@article{Sutevski2011,
author = {Sutevski, D and Smolentsev, S and Morley, N and Abdou, M},
file = {:C$\backslash$:/Users/Charlie/Dropbox/UCLA/FUSION SHARED/CHARLIES RESEARCH/\_\_SCIENTIFIC\_LITERATURE/MHD//Sutevski et al. - 2011 - 3D NUMERICAL STUDY OF MHD FLOW IN A RECTANGULAR DUCT WITH A FLOW CHANNEL INSERT.pdf:pdf},
journal = {Fusion Science and Technology},
pages = {513--517},
title = {{3D NUMERICAL STUDY OF MHD FLOW IN A RECTANGULAR DUCT WITH A FLOW CHANNEL INSERT}},
volume = {60},
year = {2011}
}
@article{Sutevski2011a,
author = {Sutevski, D and Smolentsev, S and Morley, N and Abdou, M},
file = {:C$\backslash$:/Users/Charlie/Dropbox/UCLA/FUSION SHARED/CHARLIES RESEARCH/\_\_SCIENTIFIC\_LITERATURE/MHD//Sutevski et al. - 2011 - 3D NUMERICAL STUDY OF MHD FLOW IN A RECTANGULAR DUCT WITH A FLOW CHANNEL INSERT.pdf:pdf},
journal = {Fusion Science and Technology},
pages = {513--517},
title = {{3D NUMERICAL STUDY OF MHD FLOW IN A RECTANGULAR DUCT WITH A FLOW CHANNEL INSERT}},
volume = {60},
year = {2011}
}
@article{Takahashi1989,
author = {Takahashi, Minru and Et.all.},
file = {:C$\backslash$:/Users/Charlie/Dropbox/UCLA/FUSION SHARED/CHARLIES RESEARCH/\_\_SCIENTIFIC\_LITERATURE/MHD/Takahashi, Et.all. - 1989 - NUMERICAL ANALYSIS FOR LAMINAR IN A TRANSVERSE MAGNETIC FIELD AND TURBULENT LIQUID-METAL FLOW.pdf:pdf},
journal = {Fusion and Engineering and Design},
title = {{NUMERICAL ANALYSIS FOR LAMINAR IN A TRANSVERSE MAGNETIC FIELD AND TURBULENT LIQUID-METAL FLOW}},
volume = {8},
year = {1989}
}
@article{Ting1991,
author = {Ting, A L and Walker, J S and Moon, T J},
file = {:C$\backslash$:/Users/Charlie/Dropbox/UCLA/FUSION SHARED/CHARLIES RESEARCH/\_\_SCIENTIFIC\_LITERATURE/MHD//Ting, Walker, Moon - 1991 - LINEAR STABILITY ANALYSIS FOR HIGH-VELOCITY BOUNDARY LAYERS IN LIQUID-METALS MHD FLOWS.pdf:pdf},
number = {8},
pages = {939--948},
title = {{LINEAR STABILITY ANALYSIS FOR HIGH-VELOCITY Bj : t}},
volume = {29},
year = {1991}
}
@article{Toth2000,
author = {T\'{o}th, G\'{a}bor},
doi = {10.1006/jcph.2000.6519},
file = {:C$\backslash$:/Users/Charlie/Dropbox/UCLA/FUSION SHARED/CHARLIES RESEARCH/\_\_SCIENTIFIC\_LITERATURE/MHD/T\'{o}th - 2000 - The divergence Constraint in Shock-Capturing MHD Codes.pdf:pdf},
issn = {00219991},
journal = {Journal of Computational Physics},
keywords = {difference,numerical approximation,stability and convergence of},
month = jul,
number = {2},
pages = {605--652},
title = {{The divergence Constraint in Shock-Capturing MHD Codes}},
url = {http://linkinghub.elsevier.com/retrieve/pii/S0021999100965197},
volume = {161},
year = {2000}
}
@article{Us,
author = {Us, T H E and Test, Iter and Module, Blanket},
file = {:C$\backslash$:/Users/Charlie/Dropbox/UCLA/FUSION SHARED/CHARLIES RESEARCH/\_\_SCIENTIFIC\_LITERATURE/BLANKET DESIGN/TBM Planning and Costing Report 4 16 2007.pdf:pdf},
number = {April 2007},
title = {{US ITER TEST BLANKET MODULE ( TBM ) PROGRAM VOLUME I : TECHNICAL PLAN AND COST ESTIMATE SUMMARY}},
volume = {I}
}
@article{VanKan1986,
author = {van Kan, J.},
doi = {10.1137/0907059},
file = {:C$\backslash$:/Users/Charlie/Dropbox/UCLA/FUSION SHARED/CHARLIES RESEARCH/\_\_SCIENTIFIC\_LITERATURE/MHD/van Kan - 1986 - A Second-Order Accurate Pressure-Correction Scheme for Viscous Incompressible Flow.pdf:pdf},
issn = {0196-5204},
journal = {SIAM Journal on Scientific and Statistical Computing},
keywords = {1,65m05,76d05,adi-methods,ams,been introduced as a,explicit and implicit calculations,finite differences,fractional steps,introduction,mos,pressure correction methods have,subject classifications,the computational cost of,useful,viscous time-dependent flow,way to significantly reduce},
month = jul,
number = {3},
pages = {870--891},
title = {{A Second-Order Accurate Pressure-Correction Scheme for Viscous Incompressible Flow}},
url = {http://epubs.siam.org/doi/abs/10.1137/0907059},
volume = {7},
year = {1986}
}
@article{VanLeer1997,
author = {van Leer, Bram},
doi = {10.1006/jcph.1997.5704},
file = {:C$\backslash$:/Users/Charlie/Dropbox/UCLA/FUSION SHARED/CHARLIES RESEARCH/\_\_SCIENTIFIC\_LITERATURE/MHD/van Leer - 1997 - Towards the Ultimate Conservative Difference Scheme.pdf:pdf},
issn = {00219991},
journal = {Journal of Computational Physics},
month = aug,
number = {2},
pages = {229--248},
title = {{Towards the Ultimate Conservative Difference Scheme}},
url = {http://linkinghub.elsevier.com/retrieve/pii/S0021999197957041},
volume = {135},
year = {1997}
}
@article{Vetcha2012,
author = {Vetcha, N.},
file = {:C$\backslash$:/Users/Charlie/Dropbox/UCLA/FUSION SHARED/CHARLIES RESEARCH/\_\_SCIENTIFIC\_LITERATURE/MHD/Vetcha - 2012 - Study of instability and transition in MHD flows as applied to liquid metal blankets.pdf:pdf},
title = {{Study of instability and transition in MHD flows as applied to liquid metal blankets}},
year = {2012}
}
@article{Vetcha2012b,
author = {Vetcha, N.},
file = {:C$\backslash$:/Users/Charlie/Dropbox/UCLA/FUSION SHARED/CHARLIES RESEARCH/\_\_SCIENTIFIC\_LITERATURE/MHD/Vetcha - 2012 - Study of instability and transition in MHD flows as applied to liquid metal blankets.pdf:pdf},
title = {{Study of instability and transition in MHD flows as applied to liquid metal blankets}},
year = {2012}
}
@article{Vetcha2012c,
author = {Vetcha, N. and Smolentsev, S and Abdou, M},
file = {:C$\backslash$:/Users/Charlie/Dropbox/UCLA/FUSION SHARED/CHARLIES RESEARCH/\_\_SCIENTIFIC\_LITERATURE/MHD/Vetcha, Smolentsev, Abdou - 2012 - LINEAR STABILITY ANALYSIS FOR THE HARTMANN FLOW WITH INTERFACIAL SLIP.pdf:pdf},
number = {1},
pages = {147--155},
title = {{LINEAR STABILITY ANALYSIS FOR THE HARTMANN FLOW WITH INTERFACIAL SLIP}},
volume = {48},
year = {2012}
}
@article{Vetcha2012a,
author = {Vetcha, N. and Smolentsev, S and Abdou, M},
file = {:C$\backslash$:/Users/Charlie/Dropbox/UCLA/FUSION SHARED/CHARLIES RESEARCH/\_\_SCIENTIFIC\_LITERATURE/MHD/Vetcha, Smolentsev, Abdou - 2012 - LINEAR STABILITY ANALYSIS FOR THE HARTMANN FLOW WITH INTERFACIAL SLIP.pdf:pdf},
number = {1},
pages = {147--155},
title = {{LINEAR STABILITY ANALYSIS FOR THE HARTMANN FLOW WITH INTERFACIAL SLIP}},
volume = {48},
year = {2012}
}
@article{Villasenor1992,
author = {Villasenor, John and Buneman, Oscar},
doi = {10.1016/0010-4655(92)90169-Y},
file = {:C$\backslash$:/Users/Charlie/Dropbox/UCLA/FUSION SHARED/CHARLIES RESEARCH/\_\_SCIENTIFIC\_LITERATURE/MHD/Villasenor, Buneman - 1992 - Rigorous charge conservation for local electromagnetic field solvers.pdf:pdf},
issn = {00104655},
journal = {Computer Physics Communications},
month = mar,
number = {2-3},
pages = {306--316},
title = {{Rigorous charge conservation for local electromagnetic field solvers}},
url = {http://linkinghub.elsevier.com/retrieve/pii/001046559290169Y},
volume = {69},
year = {1992}
}
@article{Votyakov2011,
author = {Votyakov, E V and Radhakrishnan, H and Kassinos, S},
doi = {10.1016/j.fusengdes.2010.07.014},
file = {:C$\backslash$:/Users/Charlie/Dropbox/UCLA/FUSION SHARED/CHARLIES RESEARCH/\_\_SCIENTIFIC\_LITERATURE/MHD/Chico.pdf:pdf},
issn = {0920-3796},
journal = {Fusion Engineering and Design},
number = {1},
pages = {5--14},
publisher = {Elsevier B.V.},
title = {{Effects of the consistency of the fringing magnetic field on direct numerical simulations of liquid – metal flow}},
url = {http://dx.doi.org/10.1016/j.fusengdes.2010.07.014},
volume = {86},
year = {2011}
}
@article{Votyakov2009a,
author = {Votyakov, E. V. and Kassinos, S. C. and Albets-Chico, X.},
doi = {10.1007/s00162-009-0114-9},
file = {:C$\backslash$:/Users/Charlie/Dropbox/UCLA/FUSION SHARED/CHARLIES RESEARCH/\_\_SCIENTIFIC\_LITERATURE/MHD/Votyakov, Kassinos, Albets-Chico - 2009 - Analytic models of heterogenous magnetic fields for liquid metal flow simulations.pdf:pdf},
issn = {0935-4964},
journal = {Theoretical and Computational Fluid Dynamics},
keywords = {-d,47,65,80,90,a,cb,fft,for instance,heterogeneous magnetic field,in conjugated fields,in recent history,liquid metal flow,magnetohydrodynamics,pacs 47,ploited by people working,remained unex-,the fast fourier transform,there are few examples,these include,to particular specialists,when things being obvious},
month = jun,
number = {6},
pages = {571--578},
title = {{Analytic models of heterogenous magnetic fields for liquid metal flow simulations}},
url = {http://link.springer.com/10.1007/s00162-009-0114-9},
volume = {23},
year = {2009}
}
@article{Votyakov2009,
author = {Votyakov, E. V. and Kassinos, S. C. and Albets-Chico, X.},
doi = {10.1007/s00162-009-0114-9},
file = {:C$\backslash$:/Users/Charlie/Dropbox/UCLA/FUSION SHARED/CHARLIES RESEARCH/\_\_SCIENTIFIC\_LITERATURE/MHD/Votyakov, Kassinos, Albets-Chico - 2009 - Analytic models of heterogenous magnetic fields for liquid metal flow simulations.pdf:pdf},
issn = {0935-4964},
journal = {Theoretical and Computational Fluid Dynamics},
keywords = {-d,47,65,80,90,a,cb,fft,for instance,heterogeneous magnetic field,in conjugated fields,in recent history,liquid metal flow,magnetohydrodynamics,pacs 47,ploited by people working,remained unex-,the fast fourier transform,there are few examples,these include,to particular specialists,when things being obvious},
month = jun,
number = {6},
pages = {571--578},
title = {{Analytic models of heterogenous magnetic fields for liquid metal flow simulations}},
url = {http://link.springer.com/10.1007/s00162-009-0114-9},
volume = {23},
year = {2009}
}
@article{Walker1974a,
author = {Walker, J S},
file = {:C$\backslash$:/Users/Charlie/Dropbox/UCLA/FUSION SHARED/CHARLIES RESEARCH/\_\_SCIENTIFIC\_LITERATURE/MHD/Walker - 1974 - MHD FLOW IN CONDUCTING CIRCULAR EXPANSIONS WITH STRONG.pdf:pdf},
journal = {Int J. Engng Sci},
number = {3},
pages = {193--204},
title = {{MHD FLOW IN CONDUCTING CIRCULAR EXPANSIONS WITH STRONG}},
volume = {12},
year = {1974}
}
@article{Walker1974b,
author = {Walker, J S},
file = {:C$\backslash$:/Users/Charlie/Dropbox/UCLA/FUSION SHARED/CHARLIES RESEARCH/\_\_SCIENTIFIC\_LITERATURE/MHD/Walker - 1974 - MHD FLOW IN INSULATED CIRCULAR EXPANSIONS WITH STRONG TRANSVERSE.pdf:pdf;:C$\backslash$:/Users/Charlie/Dropbox/UCLA/FUSION SHARED/CHARLIES RESEARCH/\_\_SCIENTIFIC\_LITERATURE/MHD/Walker - 1974 - MHD FLOW IN CONDUCTING CIRCULAR EXPANSIONS WITH STRONG.pdf:pdf},
journal = {Int J. Engng Sci},
number = {3},
pages = {193--204},
title = {{MHD FLOW IN INSULATED CIRCULAR EXPANSIONS WITH STRONG TRANSVERSE}},
volume = {12},
year = {1974}
}
@article{Walker1974,
author = {Walker, J S},
file = {:C$\backslash$:/Users/Charlie/Dropbox/UCLA/FUSION SHARED/CHARLIES RESEARCH/\_\_SCIENTIFIC\_LITERATURE/MHD/Walker - 1974 - MHD FLOW IN CONDUCTING CIRCULAR EXPANSIONS WITH STRONG.pdf:pdf;:C$\backslash$:/Users/Charlie/Dropbox/UCLA/FUSION SHARED/CHARLIES RESEARCH/\_\_SCIENTIFIC\_LITERATURE/MHD/Walker - 1974 - MHD FLOW IN INSULATED CIRCULAR EXPANSIONS WITH STRONG TRANSVERSE.pdf:pdf},
journal = {Int J. Engng Sci},
number = {3},
pages = {193--204},
title = {{MHD FLOW IN INSULATED CIRCULAR EXPANSIONS WITH STRONG TRANSVERSE}},
volume = {12},
year = {1974}
}
@article{Walker2006a,
author = {Walker, J. S. and Ludford, G. S. S.},
doi = {10.1017/S0022112072002460},
file = {:C$\backslash$:/Users/Charlie/Dropbox/UCLA/FUSION SHARED/CHARLIES RESEARCH/\_\_SCIENTIFIC\_LITERATURE/MHD/Walker, Ludford - 2006 - Three-dimensional MHD duct flows with strong transverse magnetic fields. Part 4. Fully insulated, variable-area.pdf:pdf},
issn = {0022-1120},
journal = {Journal of Fluid Mechanics},
month = mar,
number = {03},
pages = {481},
title = {{Three-dimensional MHD duct flows with strong transverse magnetic fields. Part 4. Fully insulated, variable-area rectangular ducts with small divergences}},
url = {http://www.journals.cambridge.org/abstract\_S0022112072002460},
volume = {56},
year = {2006}
}
@article{Walker2006c,
author = {Walker, J. S. and Ludford, G. S. S.},
doi = {10.1017/S0022112072002460},
file = {:C$\backslash$:/Users/Charlie/Dropbox/UCLA/FUSION SHARED/CHARLIES RESEARCH/\_\_SCIENTIFIC\_LITERATURE/MHD/Walker, Ludford - 2006 - Three-dimensional MHD duct flows with strong transverse magnetic fields. Part 4. Fully insulated, variable-area.pdf:pdf},
issn = {0022-1120},
journal = {Journal of Fluid Mechanics},
month = mar,
number = {03},
pages = {481},
title = {{Three-dimensional MHD duct flows with strong transverse magnetic fields. Part 4. Fully insulated, variable-area rectangular ducts with small divergences}},
url = {http://www.journals.cambridge.org/abstract\_S0022112072002460},
volume = {56},
year = {2006}
}
@article{Walker2006d,
author = {Walker, John S.},
doi = {10.1017/S0022112086002793},
file = {:C$\backslash$:/Users/Charlie/Dropbox/UCLA/FUSION SHARED/CHARLIES RESEARCH/\_\_SCIENTIFIC\_LITERATURE/MHD/Walker - 2006 - Liquid-metal flow in a thin conducting pipe near the end of a region of uniform magnetic field.pdf:pdf},
issn = {0022-1120},
journal = {Journal of Fluid Mechanics},
month = apr,
number = {-1},
pages = {199},
title = {{Liquid-metal flow in a thin conducting pipe near the end of a region of uniform magnetic field}},
url = {http://www.journals.cambridge.org/abstract\_S0022112086002793},
volume = {167},
year = {2006}
}
@article{Walker2006b,
author = {Walker, John S.},
doi = {10.1017/S0022112086002793},
file = {:C$\backslash$:/Users/Charlie/Dropbox/UCLA/FUSION SHARED/CHARLIES RESEARCH/\_\_SCIENTIFIC\_LITERATURE/MHD/Walker - 2006 - Liquid-metal flow in a thin conducting pipe near the end of a region of uniform magnetic field.pdf:pdf},
issn = {0022-1120},
journal = {Journal of Fluid Mechanics},
month = apr,
number = {-1},
pages = {199},
title = {{Liquid-metal flow in a thin conducting pipe near the end of a region of uniform magnetic field}},
url = {http://www.journals.cambridge.org/abstract\_S0022112086002793},
volume = {167},
year = {2006}
}
@article{Walker2006,
author = {Walker, John S. and Picologlou, Basil F.},
doi = {10.1017/S0022112095004563},
file = {:C$\backslash$:/Users/Charlie/Dropbox/UCLA/FUSION SHARED/CHARLIES RESEARCH/\_\_SCIENTIFIC\_LITERATURE/MHD/Walker, Picologlou - 2006 - Liquid-metal flow in an insulated rectangular expansion with a strong transverse magnetic field.pdf:pdf},
issn = {0022-1120},
journal = {Journal of Fluid Mechanics},
month = apr,
number = {-1},
pages = {111},
title = {{Liquid-metal flow in an insulated rectangular expansion with a strong transverse magnetic field}},
url = {http://www.journals.cambridge.org/abstract\_S0022112095004563},
volume = {305},
year = {2006}
}
@article{Weiss1966,
author = {Weiss, N. O.},
doi = {10.1098/rspa.1966.0173},
file = {:C$\backslash$:/Users/Charlie/Dropbox/UCLA/FUSION SHARED/CHARLIES RESEARCH/\_\_SCIENTIFIC\_LITERATURE/MHD/Weiss - 1966 - The Expulsion of Magnetic Flux by Eddies.pdf:pdf},
issn = {1364-5021},
journal = {Proceedings of the Royal Society A: Mathematical, Physical and Engineering Sciences},
month = aug,
number = {1434},
pages = {310--328},
title = {{The Expulsion of Magnetic Flux by Eddies}},
url = {http://rspa.royalsocietypublishing.org/cgi/doi/10.1098/rspa.1966.0173},
volume = {293},
year = {1966}
}
@article{Widlund2000,
author = {Widlund, Ola},
file = {:C$\backslash$:/Users/Charlie/Dropbox/UCLA/FUSION SHARED/CHARLIES RESEARCH/\_\_SCIENTIFIC\_LITERATURE/MHD/Widlund - 2000 - Implementation of MHD model equations in CFX 4 . 3.pdf:pdf},
title = {{Implementation of MHD model equations in CFX 4 . 3}},
year = {2000}
}
@article{Widlund1998,
author = {Widlund, Ola and Zahrai, Said and Bark, Fritz H.},
doi = {10.1063/1.869714},
file = {:C$\backslash$:/Users/Charlie/Dropbox/UCLA/FUSION SHARED/CHARLIES RESEARCH/\_\_SCIENTIFIC\_LITERATURE/MHD/Widlund, Zahrai, Bark - 1998 - Development of a Reynolds stress closure for modeling of homogeneous MHD turbulence.pdf:pdf},
issn = {10706631},
journal = {Physics of Fluids},
number = {8},
pages = {1987},
title = {{Development of a Reynolds stress closure for modeling of homogeneous MHD turbulence}},
url = {http://scitation.aip.org/content/aip/journal/pof2/10/8/10.1063/1.869714},
volume = {10},
year = {1998}
}
@article{Wong2010,
author = {Wong, C.P.C. and Abdou, M. and Dagher, M. and Katoh, Y. and Kurtz, R.J. and Malang, S. and Marriott, E.P. and Merrill, B.J. and Messadek, K. and Morley, N.B. and Sawan, M.E. and Sharafat, S. and Smolentsev, S. and Sze, D.K. and Willms, S. and Ying, a. and Youssef, M.Z.},
doi = {10.1016/j.fusengdes.2010.02.021},
file = {:C$\backslash$:/Users/Charlie/Dropbox/UCLA/FUSION SHARED/CHARLIES RESEARCH/\_\_SCIENTIFIC\_LITERATURE/PAPERS/An overview of the US DCLL ITER-TBM program-Wong (2010).pdf:pdf},
issn = {09203796},
journal = {Fusion Engineering and Design},
month = dec,
number = {7-9},
pages = {1129--1132},
publisher = {Elsevier B.V.},
title = {{An overview of the US DCLL ITER-TBM program}},
url = {http://linkinghub.elsevier.com/retrieve/pii/S0920379610000475},
volume = {85},
year = {2010}
}
@misc{Zang1994a,
author = {Zang, Yan and Street, Robert and Koseff, Jeffrey},
file = {:C$\backslash$:/Users/Charlie/Dropbox/UCLA/FUSION SHARED/CHARLIES RESEARCH/\_\_SCIENTIFIC\_LITERATURE/MHD/Zang, Street, Koseff - 1994 - A non-staggered grid, fractional step method for time-dependent incompressible navier-stokes equations in.pdf:pdf},
title = {{A non-staggered grid, fractional step method for time-dependent incompressible navier-stokes equations in curvilinear coordinates - Zang.pdf}},
year = {1994}
}
@misc{Zang1994,
author = {Zang, Yan and Street, Robert and Koseff, Jeffrey},
file = {:C$\backslash$:/Users/Charlie/Dropbox/UCLA/FUSION SHARED/CHARLIES RESEARCH/\_\_SCIENTIFIC\_LITERATURE/MHD/Zang, Street, Koseff - 1994 - A non-staggered grid, fractional step method for time-dependent incompressible navier-stokes equations in.pdf:pdf},
title = {{A non-staggered grid, fractional step method for time-dependent incompressible navier-stokes equations in curvilinear coordinates - Zang.pdf}},
year = {1994}
}
@article{Ziegler2004,
author = {Ziegler, U.},
doi = {10.1016/j.jcp.2003.11.003},
file = {:C$\backslash$:/Users/Charlie/Dropbox/UCLA/FUSION SHARED/CHARLIES RESEARCH/\_\_SCIENTIFIC\_LITERATURE/MHD/ac.els-cdn.com\_S0021999103006028\_1-s2.0-S0021999103006028-main.pdf:pdf},
issn = {00219991},
journal = {Journal of Computational Physics},
keywords = {central schemes,magnetohydrodynamics,numerics},
month = may,
number = {2},
pages = {393--416},
title = {{A central-constrained transport scheme for ideal magnetohydrodynamics}},
url = {http://linkinghub.elsevier.com/retrieve/pii/S0021999103006028},
volume = {196},
year = {2004}
}
@article{Zikanov1998,
author = {Zikanov, Oleg and Thess, Andre},
doi = {10.1017/S0022112097008239},
file = {:C$\backslash$:/Users/Charlie/Dropbox/UCLA/FUSION SHARED/CHARLIES RESEARCH/\_\_SCIENTIFIC\_LITERATURE/MHD/Zikanov, Thess - 1998 - Direct numerical simulation of forced MHD turbulence at low magnetic Reynolds number.pdf:pdf},
issn = {00221120},
journal = {Journal of Fluid Mechanics},
month = mar,
pages = {299--333},
title = {{Direct numerical simulation of forced MHD turbulence at low magnetic Reynolds number}},
url = {http://www.journals.cambridge.org/abstract\_S0022112097008239},
volume = {358},
year = {1998}
}
@article{Zinkle2008,
author = {Zinkle, S J and Ghoniem, N M},
file = {:C$\backslash$:/Users/Charlie/Dropbox/UCLA/FUSION SHARED/CHARLIES RESEARCH/\_\_SCIENTIFIC\_LITERATURE/BLANKET DESIGN/Operating temperature windows for fusion reactor structural.pdf:pdf},
keywords = {fusion energy applications,structural materials,temperature windows},
number = {2000},
pages = {55--71},
title = {{Operating temperature windows for fusion reactor structural materials}},
volume = {52},
year = {2008}
}
