@article{Boozer2012,
author = {Boozer, Allen H},
doi = {10.1063/1.3703327},
file = {:C$\backslash$:/Users/Charlie/Dropbox/UCLA/RESEARCH/{\_}{\_}SCIENTIFIC{\_}LITERATURE/PLASMA DISRUPTIONS/Boozer - 2012 - Theory of tokamak disruptions.pdf:pdf},
journal = {Phys. Plasmas},
title = {{Theory of tokamak disruptions}},
volume = {19},
year = {2012}
}
@article{Kotulski2010,
author = {Kotulski, Joseph D and Coats, Rebecca S and Pasik, Michael F and Ulrickson, Michael},
file = {:C$\backslash$:/Users/Charlie/Dropbox/UCLA/RESEARCH/{\_}{\_}SCIENTIFIC{\_}LITERATURE/PLASMA DISRUPTIONS/Kotulski et al. - 2010 - Electromagnetic Analysis of Forces and Torques on the Baseline and Enhanced ITER Shield Modules due to Plasma D.pdf:pdf},
journal = {IEEE Trans. Plasma Sci.},
number = {4},
pages = {1047--1051},
title = {{Electromagnetic Analysis of Forces and Torques on the Baseline and Enhanced ITER Shield Modules due to Plasma Disruption}},
volume = {38},
year = {2010}
}
@article{Kotulski2011,
author = {Kotulski, Joseph D and Ulrickson, Mike},
file = {:C$\backslash$:/Users/Charlie/Dropbox/UCLA/RESEARCH/{\_}{\_}SCIENTIFIC{\_}LITERATURE/PLASMA DISRUPTIONS/Kotulski, Ulrickson - 2011 - The Analysis of the Electromagnetic Loads on Selected ITER Blanket Shield Modules due to Induced Eddy and H.pdf:pdf},
isbn = {9781457706684},
journal = {IEEE/NPSS 24th Symp. Fusion Eng.},
keywords = {-iter blanket modules,eddy currents,electromagnetic loads,halo currents},
pages = {0--4},
title = {{The Analysis of the Electromagnetic Loads on Selected ITER Blanket Shield Modules due to Induced Eddy and Halo currents}},
year = {2011}
}
@article{Liu2016,
author = {Liu, Yueqiang and Ryan, D and Kirk, A and Liu, Yueqiang and Ham, C J and Kirk, A and Li, Li and Loarte, A and Ryan, D A},
doi = {10.1088/0741-3335/58/11/114005},
file = {:C$\backslash$:/Users/Charlie/Dropbox/UCLA/RESEARCH/{\_}{\_}SCIENTIFIC{\_}LITERATURE/PLASMA DISRUPTIONS/Liu et al. - 2016 - ELM control with RMP, plasma response models and the role of edge peeling response.pdf:pdf},
journal = {Plasma Phys. Control. Fusion},
title = {{ELM control with RMP, plasma response models and the role of edge peeling response}},
volume = {58},
year = {2016}
}
@article{Turner1988,
author = {Turner, L.R.},
file = {:C$\backslash$:/Users/Charlie/Dropbox/UCLA/RESEARCH/{\_}{\_}SCIENTIFIC{\_}LITERATURE/PLASMA DISRUPTIONS/Turner - 1988 - Eddy Current Analysis in Fusion Devices.pdf:pdf},
title = {{Eddy Current Analysis in Fusion Devices}},
year = {1988}
}
@article{Turner1990,
author = {Turner, Larry R},
file = {:C$\backslash$:/Users/Charlie/Dropbox/UCLA/RESEARCH/{\_}{\_}SCIENTIFIC{\_}LITERATURE/PLASMA DISRUPTIONS/Turner - 1990 - Electromagnetic computations for fusion devices.pdf:pdf},
journal = {IEEE Trans. Magn.},
number = {2},
title = {{Electromagnetic computations for fusion devices}},
volume = {26},
year = {1990}
}
