@book{griebel1997numerical,
title={Numerical simulation in fluid dynamics: a practical introduction},
author={Griebel, Michael and Dornseifer, Thomas and Neunhoeffer, Tilman},
volume={3},
year={1997},
publisher={Siam}
}
@techreport{munipalli2008physical,
title={Physical Model Development and Benchmarking for MHD Flows in Blanket Design},
author={Munipalli, Ramakanth and Huang, P-Y and Chandler, C and Rowell, C and Ni, M-J and Morley, N and Smolentsev, S and Abdou, M},
year={2008},
institution={HyPerComp Inc., Westlake Village, CA (United States). Funding organisation: USDOE-Office of Energy Research (United States)}
}
@article{Abdallah1987,
author = {Abdallah, S},
file = {:C$\backslash$:/Users/Charlie/Dropbox/UCLA/FUSION SHARED/CHARLIES RESEARCH/\_\_SCIENTIFIC\_LITERATURE/FLUID DYNAMICS/Numerical Solution for the Pressure Poisson Equation with Neumann Boundary Conditions using a Non-Staggered Grid, 1.pdf:pdf},
pages = {182--192},
title = {{Numerical Solutions for the Pressure Poisson Equation with Neumann Boundary Conditions Using a Non-staggered Grid , I}},
volume = {92},
year = {1987}
}
@article{Armfield1991,
author = {Armfield, S W},
file = {:C$\backslash$:/Users/Charlie/Dropbox/UCLA/FUSION SHARED/CHARLIES RESEARCH/\_\_SCIENTIFIC\_LITERATURE/FLUID DYNAMICS/Armfield - 1991 - NAVIER-STOKES EQUATIONS ON STAGGERED AND NON-STAGGERED GRIDS.pdf:pdf},
number = {l},
pages = {1--17},
title = {{NAVIER-STOKES EQUATIONS ON STAGGERED AND NON-STAGGERED GRIDS}},
volume = {20},
year = {1991}
}
@article{Armfield2010,
author = {Armfield, S W and Williamson, N and Street, R and Kirkpatrick, M P},
file = {:C$\backslash$:/Users/Charlie/Dropbox/UCLA/FUSION SHARED/CHARLIES RESEARCH/\_\_SCIENTIFIC\_LITERATURE/FLUID DYNAMICS/Armfield et al. - 2010 - A divergence free fractional-step method for the Navier – Stokes equations on non-staggered grids.pdf:pdf},
pages = {654--667},
title = {{A divergence free fractional-step method for the Navier – Stokes equations on non-staggered grids}},
volume = {51},
year = {2010}
}
@article{Braess1997,
author = {Braess, D. and Sarazin, R.},
doi = {10.1016/S0168-9274(96)00059-1},
file = {:C$\backslash$:/Users/Charlie/Dropbox/UCLA/FUSION SHARED/CHARLIES RESEARCH/\_\_SCIENTIFIC\_LITERATURE/FLUID DYNAMICS/Braess, Sarazin - 1997 - An efficient smoother for the Stokes problem.pdf:pdf},
issn = {01689274},
journal = {Applied Numerical Mathematics},
month = feb,
number = {1},
pages = {3--19},
title = {{An efficient smoother for the Stokes problem}},
url = {http://linkinghub.elsevier.com/retrieve/pii/S0168927496000591},
volume = {23},
year = {1997}
}
@article{Bulgarella1980,
author = {Bulgarella, U. and Casulli, V. and Greenspan, D.},
file = {:C$\backslash$:/Users/Charlie/Dropbox/UCLA/FUSION SHARED/CHARLIES RESEARCH/\_\_SCIENTIFIC\_LITERATURE/FLUID DYNAMICS/Bulgarella, Casulli, Greenspan - 1980 - On Numerical Treatment of Free Surfaces For Incompressible Fluid-Flow Problems.pdf:pdf},
keywords = {and phrases,computer methods},
number = {5},
title = {{On Numerical Treatment of Free Surfaces For Incompressible Fluid-Flow Problems}},
volume = {4},
year = {1980}
}
@article{Claeyssen1999,
author = {Claeyssen, Julio R and Platte, Rodrigo B and Bravo, Elba},
file = {:C$\backslash$:/Users/Charlie/AppData/Local/Mendeley Ltd./Mendeley Desktop/Downloaded/Claeyssen, Platte, Bravo - 1999 - Simulation in primitive variables of incompressible flow with pressure neumann condition.pdf:pdf},
keywords = {incompressible flow,pressure algorithm,primitive variables,velocity},
number = {December 1997},
pages = {1009--1026},
title = {{Simulation in primitive variables of incompressible flow with pressure neumann condition}},
volume = {1026},
year = {1999}
}
@article{Eldredge2002,
author = {Eldredge, Jeff D. and Leonard, Anthony and Colonius, Tim},
doi = {10.1006/jcph.2002.7112},
file = {:C$\backslash$:/Users/Charlie/Dropbox/UCLA/FUSION SHARED/CHARLIES RESEARCH/\_\_SCIENTIFIC\_LITERATURE/FLUID DYNAMICS/Eldredge, Leonard, Colonius - 2002 - A General Deterministic Treatment of Derivatives in Particle Methods.pdf:pdf},
issn = {00219991},
journal = {Journal of Computational Physics},
keywords = {numerical simulation,particle methods,vortex methods},
month = aug,
number = {2},
pages = {686--709},
title = {{A General Deterministic Treatment of Derivatives in Particle Methods}},
url = {http://linkinghub.elsevier.com/retrieve/pii/S0021999102971123},
volume = {180},
year = {2002}
}
@article{Ghia1982,
author = {Ghia, U. and Ghia, K. N. and Shin, C.T.},
file = {:C$\backslash$:/Users/Charlie/Dropbox/UCLA/FUSION SHARED/CHARLIES RESEARCH/\_\_SCIENTIFIC\_LITERATURE/FLUID DYNAMICS/Ghia, Ghia, Shin - 1982 - High-Re Solutions for Incompressible Using the Navier-Stokes Equations Multigrid Method Flow and a.pdf:pdf},
journal = {JCP},
pages = {387--411},
title = {{High-Re Solutions for Incompressible Using the Navier-Stokes Equations Multigrid Method * Flow and a}},
volume = {411},
year = {1982}
}
@article{Ham2006a,
author = {Ham, By F and Mattsson, K and Iaccarino, G},
file = {:C$\backslash$:/Users/Charlie/Dropbox/UCLA/FUSION SHARED/CHARLIES RESEARCH/\_\_SCIENTIFIC\_LITERATURE/MHD/Ham, Mattsson, Iaccarino - 2006 - Accurate and stable finite volume operators for unstructured flow solvers.pdf:pdf},
title = {{Accurate and stable finite volume operators for unstructured flow solvers}},
year = {2006}
}
@article{Ham2002,
author = {Ham, F.E. and Lien, F.S. and a.B. Strong},
doi = {10.1006/jcph.2002.7006},
file = {:C$\backslash$:/Users/Charlie/Dropbox/UCLA/FUSION SHARED/CHARLIES RESEARCH/\_\_SCIENTIFIC\_LITERATURE/FLUID DYNAMICS/Ham, Lien, Strong - 2002 - A Fully Conservative Second-Order Finite Difference Scheme for Incompressible Flow on Nonuniform Grids.pdf:pdf},
issn = {00219991},
journal = {Journal of Computational Physics},
keywords = {conservation,dns,les,navier,nonuniform mesh,stokes},
month = mar,
number = {1},
pages = {117--133},
title = {{A Fully Conservative Second-Order Finite Difference Scheme for Incompressible Flow on Nonuniform Grids}},
url = {http://linkinghub.elsevier.com/retrieve/pii/S0021999102970063},
volume = {177},
year = {2002}
}
@article{Hirt1972,
author = {Hirt, C.W. and Cook, J.L.},
file = {:C$\backslash$:/Users/Charlie/Dropbox/UCLA/FUSION SHARED/CHARLIES RESEARCH/\_\_SCIENTIFIC\_LITERATURE/FLUID DYNAMICS/Hirt, Cook - 1972 - Calculating Three-Dimensional Flows around Structures and over Rough Terrain.pdf:pdf},
journal = {JCP},
pages = {324--340},
title = {{Calculating Three-Dimensional Flows around Structures and over Rough Terrain}},
volume = {340},
year = {1972}
}
@article{Hirt1978,
author = {Hirt, C.W. and Ramshaw, J.D and Stein, L.R},
file = {:C$\backslash$:/Users/Charlie/Dropbox/UCLA/FUSION SHARED/CHARLIES RESEARCH/\_\_SCIENTIFIC\_LITERATURE/FLUID DYNAMICS/Hirt, Ramshaw, Stein - 1978 - C.W. HIRT, J.D. RAMSHAW and L.R. STEIN.pdf:pdf},
journal = {Computer Methods in Applied Mechanics and Engineering},
number = {September 1976},
pages = {93--124},
title = {{C.W. HIRT, J.D. RAMSHAW and L.R. STEIN}},
volume = {14},
year = {1978}
}
@article{Morinishi1998,
author = {Morinishi, Y. and Lund, T.S. and Vasilyev, O.V. and Moin, P.},
doi = {10.1006/jcph.1998.5962},
file = {:C$\backslash$:/Users/Charlie/Dropbox/UCLA/FUSION SHARED/CHARLIES RESEARCH/\_\_SCIENTIFIC\_LITERATURE/FLUID DYNAMICS/Morinishi et al. - 1998 - Fully Conservative Higher Order Finite Difference Schemes for Incompressible Flow.pdf:pdf},
issn = {00219991},
journal = {Journal of Computational Physics},
month = jun,
number = {1},
pages = {90--124},
title = {{Fully Conservative Higher Order Finite Difference Schemes for Incompressible Flow}},
url = {http://linkinghub.elsevier.com/retrieve/pii/S0021999198959629},
volume = {143},
year = {1998}
}
@article{Ni2007,
author = {Ni, Ming-Jiu and Abdou, Mohamed a.},
doi = {10.1002/nme.2054},
file = {:C$\backslash$:/Users/Charlie/Dropbox/UCLA/FUSION SHARED/CHARLIES RESEARCH/\_\_SCIENTIFIC\_LITERATURE/FLUID DYNAMICS/Ni, Abdou - 2007 - A bridge between projection methods and SIMPLE type methods for incompressible Navier–Stokes equations.pdf:pdf},
issn = {00295981},
journal = {International Journal for Numerical Methods in Engineering},
keywords = {navier,projection method,simple method,stokes equations,temporal accuracy},
month = dec,
number = {12},
pages = {1490--1512},
title = {{A bridge between projection methods and SIMPLE type methods for incompressible Navier–Stokes equations}},
url = {http://doi.wiley.com/10.1002/nme.2054},
volume = {72},
year = {2007}
}
@article{Stein1977,
author = {Stein, Leland R and Gentry, Richard A and Hirt, Cyril W},
file = {:C$\backslash$:/Users/Charlie/Dropbox/UCLA/FUSION SHARED/CHARLIES RESEARCH/\_\_SCIENTIFIC\_LITERATURE/FLUID DYNAMICS/Stein, Gentry, Hirt - 1977 - Leland R. STEIN, Richard A. GENTRY and Cyril W. HIRT.pdf:pdf},
pages = {57--74},
title = {{Leland R. STEIN, Richard A. GENTRY and Cyril W. HIRT}},
volume = {11},
year = {1977}
}
@article{Tyliszczak2014,
author = {Tyliszczak, Artur},
file = {:C$\backslash$:/Users/Charlie/Dropbox/UCLA/FUSION SHARED/CHARLIES RESEARCH/\_\_SCIENTIFIC\_LITERATURE/FLUID DYNAMICS/Tyliszczak - 2014 - A high-order compact difference algorithm for half-staggered grids for laminar and turbulent incompressible flows.pdf:pdf},
keywords = {compact difference scheme},
pages = {438--467},
title = {{A high-order compact difference algorithm for half-staggered grids for laminar and turbulent incompressible flows}},
volume = {276},
year = {2014}
}
@article{Vanka1986a,
author = {Vanka, P and Technology, Components and February, Received},
pages = {138--158},
title = {{Block-Implicit Multigrid Solution of Equations in Primitive Variables}},
volume = {158},
year = {1986}
}
@article{Vanka1986,
author = {Vanka, P and Technology, Components and February, Received},
file = {:C$\backslash$:/Users/Charlie/Dropbox/UCLA/FUSION SHARED/CHARLIES RESEARCH/\_\_SCIENTIFIC\_LITERATURE/FLUID DYNAMICS/Vanka, Technology, February - 1986 - Block-Implicit Multigrid Solution of Equations in Primitive Variables.pdf:pdf},
pages = {138--158},
title = {{Block-Implicit Multigrid Solution of Equations in Primitive Variables}},
volume = {158},
year = {1986}
}
@article{Churbanov1995,
author = {Churbanov, Alexander G and Pavlov, Andre N and Vabishchevich, Peter N},
file = {:C$\backslash$:/Users/Charlie/Dropbox/UCLA/FUSION SHARED/CHARLIES RESEARCH/\_\_SCIENTIFIC\_LITERATURE/FLUID DYNAMICS/Churbanov, Pavlov, Vabishchevich - 1995 - NAVIER-STOKES EQUATIONS ON NON-STAGGERED GRIDS . PART 1 FIRST-ORDER SCHEMES.pdf:pdf},
keywords = {incompressible viscous f},
number = {May 1994},
title = {{NAVIER-STOKES EQUATIONS ON NON-STAGGERED GRIDS . PART 1 : FIRST-ORDER SCHEMES}},
volume = {2},
year = {1995}
}
@article{Guj1993,
author = {Guj, G. and Stella, F.},
file = {:C$\backslash$:/Users/Charlie/Dropbox/UCLA/FUSION SHARED/CHARLIES RESEARCH/\_\_SCIENTIFIC\_LITERATURE/FLUID DYNAMICS/Guj, Stella - 1993 - A Vorticity-Velocity Method for the Numerical of 30 Incompressible Flows.pdf:pdf},
journal = {JCP},
pages = {286--298},
title = {{A Vorticity-Velocity Method for the Numerical of 30 Incompressible Flows}},
volume = {298},
year = {1993}
}
@article{Hemati2014,
author = {Hemati, Maziar S. and Eldredge, Jeff D. and Speyer, Jason L.},
doi = {10.1016/j.jfluidstructs.2014.04.004},
file = {:C$\backslash$:/Users/Charlie/AppData/Local/Mendeley Ltd./Mendeley Desktop/Downloaded/Hemati, Eldredge, Speyer - 2014 - Improving vortex models via optimal control theory.pdf:pdf},
issn = {08899746},
journal = {Journal of Fluids and Structures},
keywords = {Model optimization,Optimal control,Point vortex,Unsteady aerodynamics},
month = may,
pages = {1--21},
publisher = {Elsevier},
title = {{Improving vortex models via optimal control theory}},
url = {http://linkinghub.elsevier.com/retrieve/pii/S0889974614000802},
year = {2014}
}
@article{Kim2000a,
author = {Kim, Dongjoo and Choi, Haecheon},
doi = {10.1006/jcph.2000.6546},
file = {:C$\backslash$:/Users/Charlie/Dropbox/UCLA/FUSION SHARED/CHARLIES RESEARCH/\_\_SCIENTIFIC\_LITERATURE/MHD/Kim, Choi - 2000 - A Second-Order Time-Accurate Finite Volume Method for Unsteady Incompressible Flow on Hybrid Unstructured Grids.pdf:pdf;:C$\backslash$:/Users/Charlie/Dropbox/UCLA/FUSION SHARED/CHARLIES RESEARCH/\_\_SCIENTIFIC\_LITERATURE/MHD/Kim, Choi - 2000 - A Second-Order Time-Accurate Finite Volume Method for Unsteady Incompressible Flow on Hybrid Unstructured Grids(2).pdf:pdf},
issn = {00219991},
journal = {Journal of Computational Physics},
keywords = {finite volume method,nonstaggered,unsteady incompressible flow},
month = aug,
number = {2},
pages = {411--428},
title = {{A Second-Order Time-Accurate Finite Volume Method for Unsteady Incompressible Flow on Hybrid Unstructured Grids}},
url = {http://linkinghub.elsevier.com/retrieve/pii/S002199910096546X},
volume = {M},
year = {2000}
}
@article{Mcadams2010,
author = {Mcadams, A and Sifakis, E and Teran, J},
file = {:C$\backslash$:/Users/Charlie/Dropbox/UCLA/FUSION SHARED/CHARLIES RESEARCH/\_\_SCIENTIFIC\_LITERATURE/MATHEMATICS/Mcadams, Sifakis, Teran - 2010 - A parallel multigrid Poisson solver for fluids simulation on large grids.pdf:pdf},
title = {{A parallel multigrid Poisson solver for fluids simulation on large grids}},
year = {2010}
}
@article{Methods1989,
author = {Methods, Multi-grid and Equations, Navier-stokes},
file = {:C$\backslash$:/Users/Charlie/Dropbox/UCLA/FUSION SHARED/CHARLIES RESEARCH/\_\_SCIENTIFIC\_LITERATURE/FLUID DYNAMICS/Methods, Equations - 1989 - Numerische Mathematik Multi-Grid Methods for Stokes and Navier-Stokes Equations.pdf:pdf},
pages = {543--563},
title = {{Numerische Mathematik Multi-Grid Methods for Stokes and Navier-Stokes Equations}},
volume = {563},
year = {1989}
}
@article{VanKan1986a,
author = {van Kan, J.},
doi = {10.1137/0907059},
file = {:C$\backslash$:/Users/Charlie/Dropbox/UCLA/FUSION SHARED/CHARLIES RESEARCH/\_\_SCIENTIFIC\_LITERATURE/MHD/van Kan - 1986 - A Second-Order Accurate Pressure-Correction Scheme for Viscous Incompressible Flow.pdf:pdf},
issn = {0196-5204},
journal = {SIAM Journal on Scientific and Statistical Computing},
keywords = {1,65m05,76d05,adi-methods,ams,been introduced as a,explicit and implicit calculations,finite differences,fractional steps,introduction,mos,pressure correction methods have,subject classifications,the computational cost of,useful,viscous time-dependent flow,way to significantly reduce},
month = jul,
number = {3},
pages = {870--891},
title = {{A Second-Order Accurate Pressure-Correction Scheme for Viscous Incompressible Flow}},
url = {http://epubs.siam.org/doi/abs/10.1137/0907059},
volume = {7},
year = {1986}
}
@article{Wong2002,
author = {Wong, K L and Baker, A J},
file = {:C$\backslash$:/Users/Charlie/Dropbox/UCLA/FUSION SHARED/CHARLIES RESEARCH/\_\_SCIENTIFIC\_LITERATURE/FLUID DYNAMICS/Wong, Baker - 2002 - A 3D incompressible Navier – Stokes velocity – vorticity weak form \"{y}nite element algorithm.pdf:pdf},
keywords = {incompressible navier,stokes equations,velocity,vorticity,\"{y}nite element algorithms},
number = {January 2001},
pages = {99--123},
title = {{A 3D incompressible Navier – Stokes velocity – vorticity weak form \"{y}nite element algorithm}},
volume = {123},
year = {2002}
}
@article{Chorin1968,
author = {Chorin, Alexandre Joel},
doi = {10.2307/2004575},
file = {:C$\backslash$:/Users/Charlie/Dropbox/UCLA/FUSION SHARED/CHARLIES RESEARCH/\_\_SCIENTIFIC\_LITERATURE/MHD/Chorin - 1968 - Numerical Solution of the Navier-Stokes Equations.pdf:pdf},
issn = {00255718},
journal = {Mathematics of Computation},
month = oct,
number = {104},
pages = {745},
title = {{Numerical Solution of the Navier-Stokes Equations}},
url = {http://www.jstor.org/stable/2004575?origin=crossref},
volume = {22},
year = {1968}
}
@article{Ham2006,
author = {Ham, By F and Mattsson, K and Iaccarino, G},
file = {:C$\backslash$:/Users/Charlie/Dropbox/UCLA/FUSION SHARED/CHARLIES RESEARCH/\_\_SCIENTIFIC\_LITERATURE/MHD/Ham, Mattsson, Iaccarino - 2006 - Accurate and stable finite volume operators for unstructured flow solvers.pdf:pdf},
title = {{Accurate and stable finite volume operators for unstructured flow solvers}},
year = {2006}
}
@article{Diamessis,
author = {Diamessis, P J and Loan, C F Van},
file = {:C$\backslash$:/Users/Charlie/Dropbox/UCLA/FUSION SHARED/CHARLIES RESEARCH/\_\_SCIENTIFIC\_LITERATURE/FLUID DYNAMICS/Diamessis, Loan - Unknown - The numerical solution of the pressure Poisson equation for the incompressible Navier-Stokes equations using.pdf:pdf},
keywords = {computational fluid dynamics,matrices,neumann boundary conditions,non-symmetric,pressure poisson equation,singular consistent system,singular value decomposition,spectral multidomain method,two-level},
title = {{The numerical solution of the pressure Poisson equation for the incompressible Navier-Stokes equations using a quadrilateral spectral multidomain penalty method}}
}
@article{Briley1977,
author = {Briley, W R and Mcdonald, H and Technologies, United and Hartford, East},
file = {:C$\backslash$:/Users/Charlie/Dropbox/UCLA/FUSION SHARED/CHARLIES RESEARCH/\_\_SCIENTIFIC\_LITERATURE/FLUID DYNAMICS/Briley et al. - 1977 - Solution of the Multidimensional Compressible Navier-Stokes by a Generalized Implicit Method.pdf:pdf},
title = {{Solution of the Multidimensional Compressible Navier-Stokes by a Generalized Implicit Method}},
volume = {397},
year = {1977}
}
@article{Greene2014a,
author = {Greene, Patrick T and Eldredge, Jeff D},
file = {:C$\backslash$:/Users/Charlie/AppData/Local/Mendeley Ltd./Mendeley Desktop/Downloaded/Greene, Eldredge - 2014 - Numerical Simulation of High-Speed Flows Over Cut-Cell Method.pdf:pdf},
number = {January},
pages = {1--23},
title = {{Numerical Simulation of High-Speed Flows Over Cut-Cell Method}},
year = {2014}
}
@article{Greene2014,
author = {Greene, Patrick T and Eldredge, Jeff D},
file = {:C$\backslash$:/Users/Charlie/AppData/Local/Mendeley Ltd./Mendeley Desktop/Downloaded/Greene, Eldredge - 2014 - Numerical Simulation of High-Speed Flows Over Cut-Cell Method.pdf:pdf},
number = {January},
pages = {1--23},
title = {{Numerical Simulation of High-Speed Flows Over Cut-Cell Method}},
year = {2014}
}
@article{Kim2000,
author = {Kim, Dongjoo and Choi, Haecheon},
doi = {10.1006/jcph.2000.6546},
file = {:C$\backslash$:/Users/Charlie/Dropbox/UCLA/FUSION SHARED/CHARLIES RESEARCH/\_\_SCIENTIFIC\_LITERATURE/MHD/Kim, Choi - 2000 - A Second-Order Time-Accurate Finite Volume Method for Unsteady Incompressible Flow on Hybrid Unstructured Grids.pdf:pdf;:C$\backslash$:/Users/Charlie/Dropbox/UCLA/FUSION SHARED/CHARLIES RESEARCH/\_\_SCIENTIFIC\_LITERATURE/MHD/Kim, Choi - 2000 - A Second-Order Time-Accurate Finite Volume Method for Unsteady Incompressible Flow on Hybrid Unstructured Grids(2).pdf:pdf},
issn = {00219991},
journal = {Journal of Computational Physics},
keywords = {finite volume method,nonstaggered,unsteady incompressible flow},
month = aug,
number = {2},
pages = {411--428},
title = {{A Second-Order Time-Accurate Finite Volume Method for Unsteady Incompressible Flow on Hybrid Unstructured Grids}},
url = {http://linkinghub.elsevier.com/retrieve/pii/S002199910096546X},
volume = {M},
year = {2000}
}
@article{VanKan1986,
author = {van Kan, J.},
doi = {10.1137/0907059},
file = {:C$\backslash$:/Users/Charlie/Dropbox/UCLA/FUSION SHARED/CHARLIES RESEARCH/\_\_SCIENTIFIC\_LITERATURE/MHD/van Kan - 1986 - A Second-Order Accurate Pressure-Correction Scheme for Viscous Incompressible Flow.pdf:pdf},
issn = {0196-5204},
journal = {SIAM Journal on Scientific and Statistical Computing},
keywords = {1,65m05,76d05,adi-methods,ams,been introduced as a,explicit and implicit calculations,finite differences,fractional steps,introduction,mos,pressure correction methods have,subject classifications,the computational cost of,useful,viscous time-dependent flow,way to significantly reduce},
month = jul,
number = {3},
pages = {870--891},
title = {{A Second-Order Accurate Pressure-Correction Scheme for Viscous Incompressible Flow}},
url = {http://epubs.siam.org/doi/abs/10.1137/0907059},
volume = {7},
year = {1986}
}
@misc{Zang1994,
author = {Zang, Yan and Street, Robert and Koseff, Jeffrey},
file = {:C$\backslash$:/Users/Charlie/Dropbox/UCLA/FUSION SHARED/CHARLIES RESEARCH/\_\_SCIENTIFIC\_LITERATURE/MHD/Zang, Street, Koseff - 1994 - A non-staggered grid, fractional step method for time-dependent incompressible navier-stokes equations in.pdf:pdf},
title = {{A non-staggered grid, fractional step method for time-dependent incompressible navier-stokes equations in curvilinear coordinates - Zang.pdf}},
year = {1994}
}
@article{Hirt1981,
author = {Hirt, C.W and Nichols, B.D},
doi = {10.1016/0021-9991(81)90145-5},
file = {:C$\backslash$:/Users/Charlie/Dropbox/UCLA/FUSION SHARED/CHARLIES RESEARCH/\_\_SCIENTIFIC\_LITERATURE/FLUID DYNAMICS/Hirt, Nichols - 1981 - Volume of fluid (VOF) method for the dynamics of free boundaries.pdf:pdf},
issn = {00219991},
journal = {Journal of Computational Physics},
month = jan,
number = {1},
pages = {201--225},
title = {{Volume of fluid (VOF) method for the dynamics of free boundaries}},
url = {http://linkinghub.elsevier.com/retrieve/pii/0021999181901455},
volume = {39},
year = {1981}
}
