@book{griebel1997numerical,
  title={Numerical simulation in fluid dynamics: a practical introduction},
  author={Griebel, Michael and Dornseifer, Thomas and Neunhoeffer, Tilman},
  volume={3},
  year={1997},
  publisher={Siam}
}
