@article{Carvalho2013,
author = {Carvalho, Neil Franco De},
file = {:C$\backslash$:/Users/Charlie/Dropbox/UCLA/FUSION SHARED/CHARLIES RESEARCH/\_\_SCIENTIFIC\_LITERATURE/INTERFACE TREATMENTS/Carvalho - 2013 - METHODS FOR CALCULATING THE THERMAL CONDUCTIVITY AT THE CONTROL-VOLUME SURFACES.pdf:pdf},
keywords = {discretization errors,effective order,finite volumes method,thermal conductivity},
number = {Cobem},
title = {{METHODS FOR CALCULATING THE THERMAL CONDUCTIVITY AT THE CONTROL-VOLUME SURFACES}},
year = {2013}
}
@article{LevequeJ.1994,
author = {{Leveque J.}, Randall and Li, Zhilin},
file = {:C$\backslash$:/Users/Charlie/Dropbox/UCLA/FUSION SHARED/CHARLIES RESEARCH/\_\_SCIENTIFIC\_LITERATURE/INTERFACE TREATMENTS/Leveque J., Li - 1994 - The immersed interface method for elliptic equations with discontinuous coefficients and singular sources.pdf:pdf},
journal = {Numerical Analysis},
keywords = {Elliptic equation,delta functions,discontinous coefficients,finite difference methods,interface,irregular domain,singular source term},
number = {4},
pages = {1019--1044},
title = {{The immersed interface method for elliptic equations with discontinuous coefficients and singular sources}},
volume = {31},
year = {1994}
}
@article{LeVeque1997,
author = {LeVeque, Randall J. and Li, Zhilin},
doi = {10.1137/S1064827595282532},
file = {:C$\backslash$:/Users/Charlie/Dropbox/UCLA/FUSION SHARED/CHARLIES RESEARCH/\_\_SCIENTIFIC\_LITERATURE/INTERFACE TREATMENTS/LeVeque, Li - 1997 - Immersed Interface Methods for Stokes Flow with Elastic Boundaries or Surface Tension.pdf:pdf},
issn = {1064-8275},
journal = {SIAM Journal on Scientific Computing},
keywords = {65m06,76d07,76m20,ams subject classifications,bubbles,cartesian grids,creeping flow,discontinuous coefficients,immersed,interface methods,interface tracking,pii,s1064827595282532,stokes flow},
month = may,
number = {3},
pages = {709--735},
title = {{Immersed Interface Methods for Stokes Flow with Elastic Boundaries or Surface Tension}},
url = {http://epubs.siam.org/doi/abs/10.1137/S1064827595282532},
volume = {18},
year = {1997}
}
@article{Lombard2004,
author = {Lombard, Bruno and Piraux, Jo\"{e}l},
doi = {10.1016/j.jcp.2003.09.024},
file = {:C$\backslash$:/Users/Charlie/Dropbox/UCLA/FUSION SHARED/CHARLIES RESEARCH/\_\_SCIENTIFIC\_LITERATURE/INTERFACE TREATMENTS/Lombard, Piraux - 2004 - Numerical treatment of two-dimensional interfaces for acoustic and elastic waves.pdf:pdf},
issn = {00219991},
journal = {Journal of Computational Physics},
keywords = {1991 msc,35l40,65m06,acoustics and elastodynamics,conditions,decomposition,discontinuous coefficients,hyperbolic systems,interface methods,jump,singular value,wave propagation algorithm},
month = mar,
number = {1},
pages = {90--116},
title = {{Numerical treatment of two-dimensional interfaces for acoustic and elastic waves}},
url = {http://linkinghub.elsevier.com/retrieve/pii/S0021999103005126},
volume = {195},
year = {2004}
}
@article{Udaykumar1999,
author = {Udaykumar, H.S and Mittal, R and Shyy, Wei},
doi = {10.1006/jcph.1999.6294},
file = {:C$\backslash$:/Users/Charlie/Dropbox/UCLA/FUSION SHARED/CHARLIES RESEARCH/\_\_SCIENTIFIC\_LITERATURE/INTERFACE TREATMENTS/Udaykumar, Mittal, Shyy - 1999 - Computation of Solid–Liquid Phase Fronts in the Sharp Interface Limit on Fixed Grids.pdf:pdf},
issn = {00219991},
journal = {Journal of Computational Physics},
month = aug,
number = {2},
pages = {535--574},
title = {{Computation of Solid–Liquid Phase Fronts in the Sharp Interface Limit on Fixed Grids}},
url = {http://linkinghub.elsevier.com/retrieve/pii/S0021999199962940},
volume = {153},
year = {1999}
}
@article{Voller2001,
author = {Voller, V.R.},
doi = {10.1016/S0017-9310(01)00089-8},
file = {:C$\backslash$:/Users/Charlie/Dropbox/UCLA/FUSION SHARED/CHARLIES RESEARCH/\_\_SCIENTIFIC\_LITERATURE/INTERFACE TREATMENTS/Voller - 2001 - Numerical treatment of rapidly changing and discontinuous conductivities.pdf:pdf;:C$\backslash$:/Users/Charlie/Dropbox/UCLA/FUSION SHARED/CHARLIES RESEARCH/\_\_SCIENTIFIC\_LITERATURE/INTERFACE TREATMENTS/Voller - 2001 - Numerical treatment of rapidly changing and discontinuous conductivities(2).pdf:pdf},
isbn = {1612626777},
issn = {00179310},
journal = {International Journal of Heat and Mass Transfer},
month = dec,
number = {23},
pages = {4553--4556},
title = {{Numerical treatment of rapidly changing and discontinuous conductivities}},
url = {http://linkinghub.elsevier.com/retrieve/pii/S0017931001000898},
volume = {44},
year = {2001}
}
@article{Yvonnet2008,
author = {Yvonnet, J. and He, Q.-C. and Toulemonde, C.},
doi = {10.1016/j.compscitech.2008.06.008},
file = {:C$\backslash$:/Users/Charlie/Dropbox/UCLA/FUSION SHARED/CHARLIES RESEARCH/\_\_SCIENTIFIC\_LITERATURE/INTERFACE TREATMENTS/Yvonnet, He, Toulemonde - 2008 - Numerical modelling of the effective conductivities of composites with arbitrarily shaped inclusions an.pdf:pdf},
issn = {02663538},
journal = {Composites Science and Technology},
keywords = {a,particles-reinforced composites},
month = oct,
number = {13},
pages = {2818--2825},
title = {{Numerical modelling of the effective conductivities of composites with arbitrarily shaped inclusions and highly conducting interface}},
url = {http://linkinghub.elsevier.com/retrieve/pii/S0266353808002406},
volume = {68},
year = {2008}
}
