@book{griebel1997numerical,
  title={Numerical simulation in fluid dynamics: a practical introduction},
  author={Griebel, Michael and Dornseifer, Thomas and Neunhoeffer, Tilman},
  volume={3},
  year={1997},
  publisher={Siam}
}
@article{Douglas1962,
author = {Douglas, Jim},
doi = {10.1007/BF01386295},
file = {:C$\backslash$:/Users/Charlie/AppData/Local/Mendeley Ltd./Mendeley Desktop/Downloaded/Douglas - 1962 - Alternating direction methods for three space variables.pdf:pdf},
issn = {0029-599X},
journal = {Numerische Mathematik},
mendeley-groups = {MATHEMATICS},
month = dec,
number = {1},
pages = {41--63},
title = {{Alternating direction methods for three space variables}},
url = {http://link.springer.com/10.1007/BF01386295},
volume = {4},
year = {1962}
}
