@article{Kashaninejad2012,
author = {Kashaninejad, Navid and Chan, Weng Kong and Nguyen, Nam-trung},
file = {:C$\backslash$:/Users/Charlie/Dropbox/UCLA/FUSION SHARED/CHARLIES RESEARCH/\_\_SCIENTIFIC\_LITERATURE/FLUID DYNAMICS/Kashaninejad, Chan, Nguyen - 2012 - Analytical and Numerical Investigations of the Effects of Microchannel Aspect Ratio on Velocity Prof.pdf:pdf},
keywords = {3d microchannels,aspect ratio effects,eigenfunction expansion technique,finite element method,flow,friction factor,velocity profile of poiseuille},
number = {1993},
pages = {1--9},
title = {{Analytical and Numerical Investigations of the Effects of Microchannel Aspect Ratio on Velocity Profile and Friction Factor}},
year = {2012}
}
@book{pletcher2012computational,
  title={Computational fluid mechanics and heat transfer},
  author={Pletcher, Richard H and Tannehill, John C and Anderson, Dale},
  year={2012},
  publisher={CRC Press}
}
@book{griebel1997numerical,
  title={Numerical simulation in fluid dynamics: a practical introduction},
  author={Griebel, Michael and Dornseifer, Thomas and Neunhoeffer, Tilman},
  volume={3},
  year={1997},
  publisher={Siam}
}
@techreport{munipalli2008physical,
  title={Physical Model Development and Benchmarking for MHD Flows in Blanket Design},
  author={Munipalli, Ramakanth and Huang, P-Y and Chandler, C and Rowell, C and Ni, M-J and Morley, N and Smolentsev, S and Abdou, M},
  year={2008},
  institution={HyPerComp Inc., Westlake Village, CA (United States). Funding organisation: USDOE-Office of Energy Research (United States)}
}
