@article{Kashaninejad2012,
author = {Kashaninejad, Navid and Chan, Weng Kong and Nguyen, Nam-trung},
file = {:C$\backslash$:/Users/Charlie/Dropbox/UCLA/FUSION SHARED/CHARLIES RESEARCH/\_\_SCIENTIFIC\_LITERATURE/FLUID DYNAMICS/Kashaninejad, Chan, Nguyen - 2012 - Analytical and Numerical Investigations of the Effects of Microchannel Aspect Ratio on Velocity Prof.pdf:pdf},
keywords = {3d microchannels,aspect ratio effects,eigenfunction expansion technique,finite element method,flow,friction factor,velocity profile of poiseuille},
number = {1993},
pages = {1--9},
title = {{analytical and numerical investigations of the effects of microchannel aspect ratio on velocity profile and friction factor}},
year = {2012}
}
@book{Moreau1990,
  title = {{magnetohydrodynamics}},
  author = {R. Moreau},
  year = {1990},
  publisher={Kluwer}
}
@book{Lamarsh2001,
  title={Introduction to nuclear engineering},
  author={Lamarsh, John R and Baratta, Anthony John},
  year={2001},
  publisher={Prentice hall}
}
@article{Kawczynski2016,
author = {Kawczynski, C and Smolentsev, S},
title = {{An Induction-Based Magnetohydrodynamic 3D Code for Finite Magnetic Reynolds Number Liquid-Metal Flows in Fusion Blankets}},
year = {2016}
}
@article{kundu2011fluid,
  title={Fluid mechanics},
  author={Kundu, Pijush K and Dowling, David R and Cohen, Ira M},
  year={2011},
  publisher={Elsevier Science}
}
@book{pletcher2012computational,
  title={Computational Fluid Mechanics And Heat Transfer},
  author={Pletcher, Richard H and Tannehill, John C and Anderson, Dale},
  year={2012},
  publisher={CRC Press}
}
@book{griebel1997numerical,
  title={Numerical Simulation In Fluid Dynamics: A Practical Introduction},
  author={Griebel, Michael and Dornseifer, Thomas and Neunhoeffer, Tilman},
  volume={3},
  year={1997},
  publisher={Siam}
}
@techreport{munipalli2008physical,
  title={physical model development and benchmarking for MHD flows in blanket design},
  author={Munipalli, Ramakanth and Huang, P-Y and Chandler, C and Rowell, C and Ni, M-J and Morley, N and Smolentsev, S and Abdou, M},
  year={2008},
  institution={HyPerComp Inc., Westlake Village, CA (United States). Funding organisation: USDOE-Office of Energy Research (United States)}
}
@techreport{munipalli2014,
  title={A comprehensive high performance predictive tool for fusion liquid metal
hydromagnetics},
  author={Munipalli, Ramakanth},
  year={2014},
  institution={HyPerComp Inc., Westlake Village, CA (United States)}
}
@book{boehm1981software,
  title={Software engineering economics},
  author={Boehm, Barry W and others},
  volume={197},
  year={1981},
  publisher={Prentice-hall Englewood Cliffs (NJ)}
}
@book{kundu2012,
  title={Fluid Mechanics},
  author={Kundu, PK and Cohen, IM and Dowling, D},
  year={2012},
  publisher={Academic Press, New York, NY}
}
@article{Toth2000divB,
author = {T{\'{o}}th, G{\'{a}}bor},
doi = {10.1006/jcph.2000.6519},
isbn = {0021-9991},
issn = {00219991},
journal = {J. Comput. Phys.},
keywords = {difference,numerical approximation,stability and convergence of},
month = {jul},
number = {2},
pages = {605--652},
title = {{The $\nabla \bullet \mathbf{B} = 0$ Constraint in Shock-Capturing Magnetohydrodynamics Codes}},
url = {http://linkinghub.elsevier.com/retrieve/pii/S0021999100965197},
volume = {161},
year = {2000}
}
