@article{Chang2002,
author = {Chang, Wang and Giraldo, Francis and Perot, Blair},
doi = {10.1006/jcph.2002.7087},
file = {:C$\backslash$:/Users/Charlie/Dropbox/UCLA/FUSION SHARED/CHARLIES RESEARCH/\_\_SCIENTIFIC\_LITERATURE/MATHEMATICS/Chang, Giraldo, Perot - 2002 - Analysis of an Exact Fractional Step Method.pdf:pdf},
issn = {00219991},
journal = {Journal of Computational Physics},
keywords = {fractional step method,incompressible,navier,numerical,projection method,stokes,unstructured},
month = jul,
number = {1},
pages = {183--199},
title = {{Analysis of an Exact Fractional Step Method}},
url = {http://linkinghub.elsevier.com/retrieve/pii/S0021999102970877},
volume = {180},
year = {2002}
}
@article{CristinaAlves2014,
author = {{Cristina Alves}, Arileide},
doi = {10.4172/2168-9679.1000154},
file = {:C$\backslash$:/Users/Charlie/Dropbox/UCLA/FUSION SHARED/CHARLIES RESEARCH/\_\_SCIENTIFIC\_LITERATURE/MATHEMATICS/Cristina Alves - 2014 - Verification of Numerical Solutions of the Advection-Diffusion and Burgers Equations.pdf:pdf},
issn = {21689679},
journal = {Journal of Applied \& Computational Mathematics},
keywords = {advection-diffusion,burgers,cfd,discretization error},
number = {02},
title = {{Verification of Numerical Solutions of the Advection-Diffusion and Burgers Equations}},
url = {http://www.omicsgroup.org/journals/verification-of-numerical-solutions-of-the-advection-diffusion-and-burgers-equations-2168-9679.1000154.php?aid=24107},
volume = {03},
year = {2014}
}
@article{Kim2000,
author = {Kim, Yong-Hoon and Lee, In-Ho and Martin, Richard M.},
doi = {10.1016/S0010-4655(00)00056-4},
file = {:C$\backslash$:/Users/Charlie/Dropbox/UCLA/FUSION SHARED/CHARLIES RESEARCH/\_\_SCIENTIFIC\_LITERATURE/MATHEMATICS/Kim, Lee, Martin - 2000 - Object-oriented construction of a multigrid electronic-structure code with Fortran 90.pdf:pdf},
issn = {00104655},
journal = {Computer Physics Communications},
keywords = {density-functional theory,electronic structure,fortran 90,multigrid,object-oriented programming,scientific computing},
month = sep,
number = {1-2},
pages = {10--25},
title = {{Object-oriented construction of a multigrid electronic-structure code with Fortran 90}},
url = {http://linkinghub.elsevier.com/retrieve/pii/S0010465500000564},
volume = {131},
year = {2000}
}
@article{Mcadams2010,
author = {Mcadams, A and Sifakis, E and Teran, J},
file = {:C$\backslash$:/Users/Charlie/Dropbox/UCLA/FUSION SHARED/CHARLIES RESEARCH/\_\_SCIENTIFIC\_LITERATURE/MATHEMATICS/Mcadams, Sifakis, Teran - 2010 - A parallel multigrid Poisson solver for fluids simulation on large grids.pdf:pdf},
title = {{A parallel multigrid Poisson solver for fluids simulation on large grids}},
year = {2010}
}
@misc{Perot,
author = {Perot, J.Blair},
file = {:C$\backslash$:/Users/Charlie/Dropbox/UCLA/FUSION SHARED/CHARLIES RESEARCH/\_\_SCIENTIFIC\_LITERATURE/MHD/Perot - Unknown - An Analysis of the Fractional Step Method - Perot.pdf.pdf:pdf},
title = {{An Analysis of the Fractional Step Method - Perot.pdf}}
}
@article{Saad2000,
author = {Saad, Yousef and van der Vorst, Henk a.},
doi = {10.1016/S0377-0427(00)00412-X},
file = {:C$\backslash$:/Users/Charlie/Dropbox/UCLA/FUSION SHARED/CHARLIES RESEARCH/\_\_SCIENTIFIC\_LITERATURE/MATHEMATICS/Saad, van der Vorst - 2000 - Iterative solution of linear systems in the 20th century.pdf:pdf},
issn = {03770427},
journal = {Journal of Computational and Applied Mathematics},
keywords = {adi,krylov subspace methods,multigrid,polynomial acceleration,preconditioning,relaxation methods,sor,sparse approximate inverse},
month = nov,
number = {1-2},
pages = {1--33},
title = {{Iterative solution of linear systems in the 20th century}},
url = {http://linkinghub.elsevier.com/retrieve/pii/S037704270000412X},
volume = {123},
year = {2000}
}
@article{Udo,
author = {Udo, Ziegler},
file = {:C$\backslash$:/Users/Charlie/Dropbox/UCLA/FUSION SHARED/CHARLIES RESEARCH/\_\_SCIENTIFIC\_LITERATURE/MATHEMATICS/Udo - Unknown - An ADI adaptive mesh Poisson solver for the MHD code NIRVANA.pdf:pdf},
title = {{An ADI adaptive mesh Poisson solver for the MHD code NIRVANA}}
}
@article{Yang2009,
author = {Yang, Shiming and Gobbert, Matthias K.},
doi = {10.1016/j.aml.2008.03.028},
file = {:C$\backslash$:/Users/Charlie/Dropbox/UCLA/FUSION SHARED/CHARLIES RESEARCH/\_\_SCIENTIFIC\_LITERATURE/MATHEMATICS/Yang, Gobbert - 2009 - The optimal relaxation parameter for the SOR method applied to the Poisson equation in any space dimensions.pdf:pdf},
issn = {08939659},
journal = {Applied Mathematics Letters},
month = mar,
number = {3},
pages = {325--331},
publisher = {Elsevier Ltd},
title = {{The optimal relaxation parameter for the SOR method applied to the Poisson equation in any space dimensions}},
url = {http://linkinghub.elsevier.com/retrieve/pii/S0893965908001523},
volume = {22},
year = {2009}
}
@article{Yang2014,
author = {Yang, Xiang and Mittal, Rajat},
doi = {10.1016/j.jcp.2014.06.010},
file = {:C$\backslash$:/Users/Charlie/Dropbox/UCLA/FUSION SHARED/CHARLIES RESEARCH/\_\_SCIENTIFIC\_LITERATURE/MATHEMATICS/Yang, Mittal - 2014 - Acceleration of the Jacobi iterative method by factors exceeding 100 using scheduled relaxation.pdf:pdf;:C$\backslash$:/Users/Charlie/Dropbox/UCLA/FUSION SHARED/CHARLIES RESEARCH/\_\_SCIENTIFIC\_LITERATURE/MATHEMATICS//Yang, Mittal - 2014 - Acceleration of the Jacobi iterative method by factors exceeding 100 using scheduled relaxation.pdf:pdf},
isbn = {0021999114004},
issn = {00219991},
journal = {Journal of Computational Physics},
keywords = {elliptic equations,iterative method,jacobi method},
month = jun,
pages = {1--24},
title = {{Acceleration of the Jacobi iterative method by factors exceeding 100 using scheduled relaxation}},
url = {http://linkinghub.elsevier.com/retrieve/pii/S0021999114004173},
year = {2014}
}
@article{Mcdonough2008,
author = {Mcdonough, J M},
file = {:C$\backslash$:/Users/Charlie/Dropbox/UCLA/FUSION SHARED/CHARLIES RESEARCH/\_\_SCIENTIFIC\_LITERATURE/MATHEMATICS/Mcdonough - 2008 - LECTURES on COMPUTATIONAL NUMERICAL of PARTIAL DIFFERENTIAL EQUATIONS.pdf:pdf},
title = {{LECTURES on COMPUTATIONAL NUMERICAL of PARTIAL DIFFERENTIAL EQUATIONS}},
year = {2008}
}
