@book{pletcher2012computational,
  title={Computational fluid mechanics and heat transfer},
  author={Pletcher, Richard H and Tannehill, John C and Anderson, Dale},
  year={2012},
  publisher={CRC Press}
}